3436 5161
599 359 686 426 64
1585 379 1983 430 nnnonorus.

681 545 888 612 Verba
951 543 1291 632 Cambysis
1353 550 1504 611 sunt
1563 545 1640 610 ad
1687 546 2202 611 Psammenitum
2251 546 2346 612 III
2398 547 2519 613 14:
2571 546 2872 622 δεσπότης
2917 548 2981 614 δὲ

594 651 949 729 Καμβύσης
1006 653 1220 736 εἰρωτᾷ
1273 651 1484 716 διότι
1537 653 1606 726 δὴ
1655 652 1766 724 τὴν
1812 653 1925 728 μὲν
1969 651 2279 730 θυγατέρα
2330 653 2502 732 ὀρέων
2551 655 2982 731 κεκακωμένην

594 757 734 824 οὔτε
795 756 1118 835 ἀνέβωσας
1170 757 1306 822 οὔτε
1357 756 1773 828 οὲνέκλαυσας.
1848 757 1944 821 Ex
1992 762 2307 824 constanti
2354 781 2530 826 more
2577 760 2977 825 scribendum

595 871 726 930 est:
777 867 994 946 slpqu'z
1042 863 1284 929 τάδε·
1335 863 1414 927 τί
1459 865 1531 939 δή
1581 863 1708 930 κτὲ.
1784 860 1882 930 cf.
1934 863 2027 928 111
2080 862 2245 942 122,
2295 865 2471 931 alibi.
2544 865 2777 932 Itidem
2829 887 2983 951 sup-

593 971 737 1056 pleo
782 970 876 1035 IX
923 969 1045 1035 21:
1096 970 1126 1035 ὅ
1175 968 1362 1049 κῆρυξ
1409 971 1551 1050 πρὸς
1602 971 1826 1041 αὐτοὺς
1878 968 2063 1046 ἔλεγε
2103 969 2292 1036 τάδε·
2338 971 2615 1058 (Τάδε)
2654 971 2981 1052 Μεγαρέες

597 1076 864 1153 λέγουσι.

685 1271 795 1336 Ill.
865 1271 984 1337 15:
1052 1272 1156 1335 τὸν
1200 1271 1314 1346 μὲν
1363 1272 1433 1346 δη
1484 1272 1686 1337 παῖδα
1739 1267 1903 1350 εὖρον
1951 1273 2150 1337 οὐκέτι
2200 1273 2519 1353 περιεόντα
2567 1276 2743 1339 ἀλλὰ
2790 1301 2841 1340 π
2858 1300 2887 1354 ρ
2905 1282 2979 1339 ὣ·

595 1402 634 1441 τ
649 1401 680 1442 ο
697 1403 726 1441 ν
791 1401 828 1442 κ
846 1401 886 1440 α
906 1401 945 1440 τ
964 1402 1006 1440 α
1024 1402 1061 1441 κ
1080 1401 1108 1441 ο
1126 1401 1172 1440 π
1192 1377 1220 1442 έ
1239 1403 1268 1440 ν
1285 1401 1326 1440 τ
1344 1403 1407 1442 α.
1497 1376 1615 1444 Nil
1679 1377 1807 1444 tale
1850 1381 2124 1465 jusserat
2170 1399 2281 1445 rex
2325 1379 2666 1445 Persarum
2716 1389 2780 1448 et
2828 1383 2983 1447 satis

595 1491 691 1550 est
747 1483 1526 1564 προκατακοπέντα.

685 1683 811 1750 ΙΠ.
861 1681 950 1748 22
975 1708 995 1748 t
1043 1682 1164 1765 ἔφη
1213 1683 1378 1748 οὐδὲν
1425 1681 1770 1762 θαυμάζειν
1806 1683 1857 1746 εἰ
1900 1681 2237 1759 σιτεόμενοι
2274 1683 2564 1762 κόπρον
2602 1679 2751 1748 ἔτεα
2792 1684 2987 1763 ὀλίγα

596 1787 828 1870 ζώουσι.
901 1789 1072 1876 Lege
1091 1813 1108 1855 ι
1159 1813 1194 1853 κ
1216 1814 1260 1854 α
1277 1813 1307 1870 ρ
1325 1788 1418 1853 πὸ
1440 1814 1469 1852 ν
1515 1814 1553 1853 σ
1573 1814 1615 1852 α
1637 1813 1688 1853 π
1705 1813 1734 1866 ρ
1752 1789 1784 1853 ό
1801 1813 1850 1854 ν.
1922 1785 2020 1855 Of.
2082 1790 2299 1854 Mnem.
2346 1788 2542 1854 XVII
2590 1789 2745 1856 357.

685 1986 942 2052 Vitium
991 1987 1180 2052 video
1228 1985 1323 2051 III
1369 1986 1493 2051 28:
1543 1986 1569 2048 ὃ
1620 1986 1681 2050 δὲ
1722 1981 1920 2058 ''An-u,-
1970 1986 2214 2064 γίνεται
2260 1985 2501 2068 μόσχος
2550 1986 2618 2050 ἐκ
2664 1986 2807 2064 βοὸς
2850 1987 2981 2064 ἥτις

595 2093 795 2158 οὐκέτι
845 2089 952 2166 οἵη
1003 2115 1094 2157 τε
1138 2092 1479 2170 γίνεται
1528 2093 1586 2166 ές
1630 2091 1878 2172 γαςέρα
1928 2091 2121 2157 ἄλλον
2166 2091 2479 2169 βαλέσθαι
2520 2091 2697 2169 γόνον
2723 2116 2737 2132 ·
2782 2095 2981 2158 etiam

597 2202 906 2265 sententia
951 2204 1209 2284 apparet
1255 2204 1317 2264 et
1365 2220 1463 2264 res
1507 2205 1660 2264 nota
1707 2205 1837 2275 est,
1884 2219 2141 2264 vaccam
2184 2218 2347 2283 quse
2384 2197 2658 2282 Apidem
2701 2200 2979 2285 peperit,

596 2313 814 2391 postea
877 2312 1134 2370 taurum
1191 2325 1316 2370 non
1377 2305 1743 2379 admisisse,
1806 2303 1915 2368 sed
1983 2303 2337 2368 remedium
2411 2309 2655 2368 certum
2726 2324 2979 2388 quaero.

596 2410 862 2476 Probari
908 2409 1171 2475 fortasse
1218 2410 1506 2474 debebit:
1559 2407 1690 2484 ἥτις
1742 2409 1941 2475 οὐκέτι
1980 2407 2181 2483 εἶηται
2224 2409 2284 2481 ές
2332 2409 2575 2489 γαςέρα
2618 2409 2811 2474 ἄλλον
2850 2410 2979 2487 βα-

595 2516 808 2583 λέσθαι
859 2516 1054 2594 γόνον.
1126 2516 1469 2601 Postquam
1522 2523 1821 2580 EIHTAI
1872 2517 2035 2580 abiit
2069 2517 2133 2579 in
2177 2523 2439 2580 OIHTE
2464 2561 2481 2595 ‚
2523 2515 2977 2604 interpolatum

593 2626 720 2689 fuit
781 2623 1048 2701 γίνεται.
1131 2623 1274 2689 Non
1337 2623 1618 2688 multum
1685 2620 2000 2688 dissimile
2062 2623 2298 2687 vitium
2364 2631 2461 2687 est
2525 2622 2674 2688 VIII
2738 2622 2860 2687 94:
2910 2625 2981 2687 in

594 2751 814 2818 pugna
859 2728 1028 2815 apud
1071 2728 1400 2795 Salamina
1444 2730 1760 2795 divinitus
1806 2736 2235 2814 apparuerunt
2280 2730 2392 2812 qui
2440 2726 2791 2795 Corinthiis
2841 2748 2981 2793 nar-

591 2843 844 2903 rarunt:
895 2838 970 2909 ὣς
1020 2836 1192 2901 αὐτοὶ
1245 2832 1399 2901 οἷοί
1446 2858 1528 2898 τε
1585 2830 1704 2899 εἶεν
1753 2833 2045 2913 ἀγόμενοι
2089 2828 2289 2913 ὅμηροι
2334 2834 2732 2909 οὶποθνήσκειν
2778 2834 2849 2909 ἢν
2888 2835 2977 2910 μη

592 2951 866 3013 νικῶντες
929 2942 1274 3021 Φαίνωνα-αι
1340 2941 1391 3005 οἱ
1451 2939 1772 3013 Ἕλληνες.
1865 2938 1994 3005 Hic
2056 2938 2333 3007 Oobetus
2396 2942 2617 3005 Mnem.
2684 2940 2782 3005 IX
2844 2940 2976 3007 289

591 3053 902 3135 expunxit
959 3046 1344 3132 particulam
1410 3070 1480 3111 τε
1550 3049 1769 3132 itaque
1836 3048 2121 3111 restituit
2190 3045 2314 3111 loci
2386 3049 2765 3112 sententiam
2785 3096 2803 3129 ,
2868 3047 2973 3112 sed

590 3146 783 3241 peulo
827 3153 1081 3221 facilius
1127 3156 1364 3238 poteris
1407 3152 1670 3218 fortasse
1717 3153 2091 3217 rescribere:
2136 3152 2214 3223 ὥς
2254 3152 2430 3216 αὐτοὶ
2474 3152 2792 3229 ἑτοῖμοι
2830 3150 2969 3218 εἶεν.

683 3336 880 3421 Saepe
935 3336 1089 3401 dum
1138 3335 1476 3400 scribimus
1521 3335 1780 3419 quidvis
1826 3354 1937 3419 pro
1987 3338 2211 3419 quovis
2256 3336 2440 3401 nobis
2490 3334 2727 3401 excidit
2770 3339 2835 3399 et
2881 3337 2976 3398 in-

591 3442 846 3508 terdum
877 3516 883 3525 ,
910 3442 1319 3506 correctiones
1379 3442 1795 3524 quantumvis
1848 3442 2232 3505 necessariae
2279 3460 2403 3505 non
2452 3438 2979 3505 commendantur

594 3548 906 3613 ductuum
979 3545 1403 3611 similitudine
1473 3567 1587 3610 nec
1657 3548 1974 3630 requirere
2043 3546 2347 3611 debemus
2418 3546 2976 3627 παλαιογροιφικῆν

597 3676 736 3719 τινα
801 3652 1260 3733 πειθανοὶγκην,
1320 3672 1479 3736 quae
1534 3650 1713 3715 nulla
1777 3672 1909 3715 esse
1973 3656 2201 3735 potest.
2285 3648 2504 3716 Veluti
2566 3652 2635 3715 in
2698 3650 2975 3735 epistula

592 3760 846 3825 Amasis
911 3756 990 3822 ad
1044 3756 1452 3842 Polycratem
1501 3755 1606 3820 III
1656 3756 1778 3819 40:
1829 3754 2127 3831 ἀπόβαλε
2173 3753 2325 3819 οὕτω
2374 3752 2519 3827 ὅκως
2571 3754 2791 3831 μηκέτι
2843 3754 2970 3833 ἥξει

596 3864 655 3936 ἐς
704 3864 1201 3942 ἀνθρώπους,
1247 3861 1651 3927 scribendum
1701 3868 1797 3925 est
1844 3861 1900 3929 ἐς
1950 3860 2463 3941 ὀφθαλμούς.
2535 3860 2642 3927 Sic
2676 3862 2842 3927 infra
2880 3860 2974 3928 ΙΙΙ

596 3967 716 4033 52:
767 3968 834 4043 ἐξ
881 3968 1224 4049 ὀφθαλμῶν
1269 3992 1373 4044 μιν
1421 3950 1910 4044 ἀποπέμπεται,
1962 3988 2186 4051 nempe
2232 3966 2591 4033 Periander.

682 4148 894 4214 Patris
956 4149 1036 4214 ad
1097 4148 1511 4235 Phaedymen
1571 4148 1767 4214 verba
1828 4155 1977 4214 sunt
2036 4148 2129 4213 111
2177 4146 2293 4213 69:
2348 4148 2599 4229 ἄφασον
2648 4152 2837 4215 αὐτοῦ
2884 4150 2970 4215 τὰ
3078 4194 3084 4199 -

593 4251 726 4319 ὦτα
776 4255 883 4319 καὶ
933 4254 1001 4328 ἦν
1050 4256 1164 4330 μὲν
1209 4257 1512 4334 Φαίνηται
1561 4254 1757 4336 ἔχων,
1803 4254 2007 4336 νόμιζε
2056 4258 2321 4330 σεωυτὴν
2368 4255 2594 4332 Σμέρδι
2644 4258 2725 4333 τῷ
2780 4256 2969 4333 Κύρου

593 4360 943 4438 συνοικέειν,
1007 4360 1077 4435 ἢν
1137 4360 1200 4425 δὲ
1261 4362 1349 4438 μὴ
1415 4361 1609 4441 ἔχων,
1677 4361 1769 4426 σὺ
1832 4364 1909 4428 δὲ
1957 4364 2041 4443 τῷ
2088 4365 2281 4445 μάγῳ
2326 4362 2573 4445 Σμέρδι.
2644 4362 2829 4429 Nihil
2874 4370 2971 4429 est

595 4469 670 4535 σὺ
720 4467 826 4533 δέ·
877 4468 1027 4553 quid
1073 4471 1129 4531 si
1174 4465 1335 4533 latet
1380 4465 1835 4533 συνεύδεινῗ
