3436 5161
676 347 810 415 434
1695 366 2028 417 memus.

670 533 871 598 rontis
928 532 1163 618 cymba
1220 532 1513 599 omnibus
1574 538 1638 597 et
1685 536 1888 620 poetis
1936 539 2000 598 et
2045 533 2397 619 pictoribus
2445 538 2541 599 est
2585 534 2852 599 “duorum
2895 535 3067 598 scal-

670 660 893 703 morum
950 636 1269 725 navicula’,
1333 644 1406 703 ut
1466 659 1615 704 cum
1676 636 1976 706 Cicerone
2035 639 2295 725 loquat,
2356 660 2547 726 quam
2597 642 2760 705 colus
2808 646 2872 705 et
2919 644 3070 706 sine

672 744 806 811 ullo
867 746 1221 811 ministerio
1280 747 1475 810 remis
1536 744 1837 832 impellit.
1909 746 2158 813 Diserte
2222 746 2340 812 hoc
2405 752 2673 813 testatur
2733 751 2870 833 ipse
2925 747 3070 812 Lu-

672 854 891 919 Gianus
934 853 1003 916 in
1049 854 1257 938 primo
1304 855 1511 937 capite
1558 848 1930 919 charontis:
1983 854 2102 931 ἐγὼ
2149 852 2210 917 δὲ
2259 854 2613 934 πρεσβύτης
2654 854 2730 918 ὢν
2770 854 2908 927 την
2961 854 2997 918 3
3017 876 3070 917 ι-

671 958 983 1025 :tantan
1033 960 1104 1041 ἕρ
1126 958 1325 1023 ἐττω
1360 958 1633 1034 μόνος.
1684 957 2004 1025 Similiter
2039 958 2317 1025 Alcestis
2348 963 2416 1025 in
2439 962 2816 1048 cognomine
2837 960 3071 1027 fabula

669 1086 765 1131 vs.
814 1062 984 1130 252:
1032 1066 1138 1146 ὁρῶ
1184 1064 1531 1130 &lxma-ov
1578 1067 1685 1144 δρῶ
1733 1064 2074 1149 σκάφος.
2139 1066 2278 1131 Iam
2327 1066 2508 1131 vides
2554 1087 2856 1152 quorsum
2899 1068 3068 1133 haec

668 1170 967 1250 tendant,
1015 1176 1090 1237 ut
1136 1192 1250 1258 pro
1296 1172 1528 1247 ἑκάστη
1572 1172 1805 1239 Nostro
1850 1173 2151 1239 reddatur
2197 1171 2570 1255 ἑκατέρα.
2643 1172 2802 1254 Quis
2852 1176 3068 1240 nescit

672 1278 827 1345 haec
870 1282 1175 1365 perpetuo
1221 1299 1259 1345 a
1304 1277 1581 1344 librariis
1628 1276 1966 1345 confundi?

760 1492 921 1559 Ibid.
989 1495 1165 1571 ἡμεῖς
1233 1491 1289 1556 δ’
1344 1491 1571 1557 οὐδέπω
1635 1491 1758 1558 οὐδ’
1807 1490 2023 1571 ὀβολὸν
2075 1492 2799 1571 ἐμπεπολήκαμεν.
2869 1491 3070 1557 Nihil

671 1602 907 1666 certius
965 1619 1155 1685 quam
1222 1602 1322 1675 ἦμ
1343 1602 1603 1675 πολήκ
1624 1623 1667 1663 α
1685 1622 1736 1676 μ
1758 1624 1832 1664 εν
1893 1620 2028 1666 esse
2089 1599 2512 1665 scribendum.
2585 1596 2681 1665 Cf.
2732 1620 2769 1665 e
2823 1598 3066 1665 multis

671 1708 867 1771 Arist.
914 1705 1054 1772 Pax
1096 1726 1191 1771 vs.
1242 1703 1408 1773 367:
1472 1708 1623 1771 ἀλλ’
1668 1706 1835 1771 οὐδὲν
1881 1705 2325 1782 ἧμπόληκά
2375 1730 2482 1771 πω
2532 1712 2597 1771 et
2643 1704 2838 1791 Soph.
2885 1704 3070 1770 Aiax

674 1812 843 1879 957:
905 1807 999 1892 ἀρ’
1064 1812 1582 1889 ἧμπόληκαςς
1649 1819 1713 1877 et
1774 1815 1998 1900 Antig.
2069 1810 2277 1879 1023:
2346 1810 2938 1889 ἐξημπόλημαι
2999 1816 3070 1877 et

673 1921 836 1993 ἀπη
857 1918 1074 1997 μπόλ
1094 1943 1136 1981 α
1186 1919 1391 1983 tribus
1438 1917 1595 1983 locis
1642 1918 1809 2003 apud
1857 1918 2236 2004 Euripidem
2276 1915 2479 2005 (Cycl.
2509 1918 2640 1983 257
2657 1938 2674 1996 ;
2703 1918 2819 1983 Ion
2846 1916 3066 1993 13713

673 2024 919 2093 Troad.,
952 2022 1133 2110 973).
1202 2022 1353 2089 Sine
1415 2026 1576 2089 vitio
1638 2026 1835 2089 etiam
1900 2022 2263 2090 Herodotus
2301 2024 2350 2091 Ι.
2405 2025 2474 2089 1:
2525 2024 2768 2089 πάντων
2819 2023 2951 2101 ἒξη
2971 2048 3067 2101 μ-

674 2130 1169 2209 πολημένων.
1238 2130 1401 2195 Rem
1452 2127 1741 2195 conficiet
1787 2129 2108 2197 Lucienus
2157 2133 2325 2216 ipse,
2375 2132 2486 2217 qui
2523 2132 2722 2197 Merc.
2763 2129 2962 2198 Gond.
3004 2152 3062 2196 c.

626 2240 633 2251 “
673 2237 779 2305 24.
830 2237 1451 2315 ἀπημπόληκας
1503 2246 1567 2303 et
1611 2236 1781 2303 Pisc.
1831 2258 1883 2301 c.
1911 2236 2034 2303 27:
2083 2239 2726 2323 ἀπημπόλησεν,
2765 2240 2875 2303 ubi
2900 2238 3064 2303 haec

672 2348 945 2413 varietas
984 2344 1330 2411 lectionum
1368 2366 1405 2411 a
1428 2345 1777 2411 Fritzschio
1801 2350 2090 2411 notatur:
2136 2347 2285 2410 ἀπε
2295 2371 2345 2422 μ,
2361 2345 2454 2410 πό
2465 2361 2650 2421 λησε
2687 2356 2768 2431 Ψ,
2814 2346 3062 2423 ἀπημ-

674 2457 1043 2527 πώλησεν
1111 2453 1373 2519 fortasse
1444 2462 1535 2529 T,
1610 2452 2225 2529 ἀπημπόλησεν
2297 2452 2429 2518 abc.
2501 2452 2572 2517 In
2633 2450 2786 2517 Tox.
2851 2472 2905 2515 c.
2970 2448 3062 2515 28

675 2562 718 2627 ἀ
741 2566 1129 2638 πεμπολῶ
1153 2583 1342 2632 ντας
1410 2562 1521 2624 vix
1566 2556 1820 2624 salvum
1870 2561 2074 2628 evasit
2121 2580 2234 2646 pro
2279 2579 2388 2636 eo,
2439 2558 2605 2646 quod
2651 2558 2761 2625 alii
2813 2557 3064 2632 codices

675 2668 977 2734 exhibent
1022 2668 1750 2744 ἀπεμπολοῦντες,
1789 2665 1926 2732 sive
1968 2668 2437 2752 turpius-etiam
2481 2667 3062 2743 ἀπεμπωλοῦν-

674 2800 715 2840 τ
734 2801 763 2840 ε
782 2798 833 2847 ς.
880 2773 1071 2861 Apud
1116 2771 1371 2838 Isaeum
1418 2769 1532 2836 XI.
1585 2769 1672 2837 43
1721 2791 1940 2836 omnes
1986 2772 2138 2838 libri
2183 2771 2343 2837 Mss.
2385 2775 2743 2857 conspirant
2778 2771 2846 2835 in
2871 2773 3063 2836 vitio·

674 2884 996 2948 sissimam
1042 2881 1457 2965 scripturam:
1510 2877 1580 2955 ἐξ
1626 2873 1701 2942 ὦν
1751 2877 2280 2953 ἐνεπῶλησαν
2327 2879 2862 2960 τετρακισχιλίας.
2935 2875 3062 2944 Βο-

674 2989 903 3055 bracus
949 2985 1459 3059 ἐνεπόλησαν
1506 2986 1823 3064 restituit3
1875 2985 2142 3050 debebat
2187 2984 2690 3063 ἠμπόλησαν.

765 3094 1001 3161 Statim
1061 3095 1385 3179 sequitur:
1442 3086 1582 3156 εἶτα
1634 3091 1661 3156 ό
1710 3089 2002 3156 Πλούτων
2049 3086 2117 3156 εὖ
2163 3087 2305 3156 οἶδα
2353 3087 2443 3156 ὅτι
2493 3091 2604 3168 ἐμὲ
2649 3091 2934 3174 ῥᾳθυμεῖν
2981 3093 3012 3156 ἐ
3029 3115 3060 3154 ν

674 3200 908 3274 dodran,-
960 3201 1375 3278 ὑπολήψεται.
1446 3197 1782 3264 Sententia
1832 3199 2134 3283 requirit:
2173 3205 2418 3282 propter
2461 3199 2639 3275 haee,
2678 3198 2774 3262 hie
2809 3199 2882 3261 de
2921 3220 3060 3261 cau-

673 3313 793 3386 ‚si-33
856 3306 1024 3393 quod
1085 3305 1486 3372 scribendum
1535 3310 1705 3372 erat:
1772 3303 1902 3368 ἐπὶ
1951 3303 2204 3375 τούτοις.
2276 3303 2370 3369 De
2417 3304 2536 3369 hoc
2581 3324 2701 3368 usu
2747 3305 3060 3389 praeposi-

674 3415 870 3480 tionis
930 3413 1078 3482 vide
1124 3433 1285 3500 quae
1330 3409 1795 3477 Herwerdenus
1844 3412 2172 3477 annotavit
2219 3409 2300 3476 ad
2348 3410 2664 3476 Iudicium
2715 3407 3060 3475 Vocalium

676 3541 812 3607 cap.
864 3518 907 3584 2
955 3517 1228 3606 (Mnem.
1279 3517 1417 3584 Vol.
1466 3516 1601 3583 VII.
1650 3538 1712 3602 p.
1763 3516 1944 3602 211).
2018 3515 2238 3584 Obiter
2300 3516 2522 3582 eodem
2586 3515 2814 3582 mendo
2859 3516 3063 3582 libera

677 3626 1114 3713 Xenophontis
1160 3621 1620 3712 Cyropaediam
1674 3627 1740 3688 in
1786 3626 2119 3689 notissimo
2159 3623 2297 3690 loco
2336 3623 2413 3689 de
2452 3621 2622 3711 Cyro
2646 3626 2814 3688 inter
2835 3643 3062 3708 pueros

672 3737 955 3800 rixantes
1017 3733 1405 3798 decernente.
1476 3729 1896 3816 Posteaquam
1961 3736 2035 3795 ut
2080 3730 2272 3795 iudex
2319 3732 2697 3796 sententiam
2748 3729 2935 3813 tulit,
2985 3731 3013 3793 ε’
3029 3755 3058 3793 ν

674 3841 868 3921 τούτῳ
907 3864 1021 3918 με,
1068 3840 1312 3924 inquit,
1364 3836 1617 3902 ἔπαισεν
1662 3837 1689 3900 ό
1738 3836 2128 3909 διδάσκαλος.
2181 3835 2338 3916 Quis
2392 3857 2517 3900 non
2564 3835 2877 3924 intelligit
2924 3833 3056 3899 ἐπὶ

675 3947 869 4027 τούτῳ
932 3941 1208 4032 requiri?
1270 3942 1342 4008 Si
1388 3942 1643 4008 dubitas
1662 3992 1679 4027 ,
1739 3943 1993 4009 attende
2039 3943 2118 4008 ad
2167 3945 2455 4029 proxime
2489 3963 2884 4030 praegressa:
2927 3941 3058 4006 ἐπὶ

676 4059 795 4137 μιᾷ
846 4076 998 4117 ποτε
1036 4052 1170 4133 δίκη
1217 4051 1476 4128 πληγὰς
1528 4047 1778 4126 ἔλαβον.
1846 4048 1943 4117 Of.
1995 4053 2190 4115 etiam
2243 4049 2634 4115 Lucianeum
2681 4051 2746 4112 in
2795 4047 3060 4115 Somnio

678 4181 733 4224 c.
780 4158 859 4224 2:
908 4160 1035 4240 ἐφ’.
1075 4151 1158 4231 οἷς
1207 4158 1385 4240 παρὰ
1432 4163 1549 4221 τῶν
1597 4155 1984 4222 διδασκάλων
2033 4156 2294 4234 πληγὰς
2345 4153 2725 4233 ἐλάμβανον.

771 4370 925 4458 Cap.
966 4370 1024 4437 5.
1078 4373 1109 4436 ἔ
1122 4395 1172 4436 π
1188 4395 1205 4436 ι
1222 4370 1272 4449 β
1292 4371 1421 4436 αΙν
1439 4394 1466 4435 ο
1486 4394 1514 4433 ν
1530 4395 1569 4434 τ
1588 4394 1631 4434 α
1672 4367 1932 4435 ἕκαστον
1958 4371 2160 4435 αὐτῶν
2185 4372 2629 4449 διαγνώσομαι.
2679 4369 2886 4435 Immo
2910 4390 3058 4436 vero

682 4479 1305 4558 ἐπιβαίνοντας.
