3436 5161
652 355 786 423 296
1726 375 1966 426 menno.

651 546 1035 605 statuentem
1077 539 1178 604 01.
1206 537 1311 604 VI.
1343 539 1384 604 3
1407 564 1488 592 =
1517 538 1664 606 753.
1720 540 1813 607 De
1855 538 2179 608 Ciceronis
2214 539 2623 628 chronologia
2647 539 2724 606 cf.
2752 539 3037 618 Manat,

653 645 841 712 Rom.
889 643 1184 712 Chronol.
1233 647 1290 712 Ι.
1344 646 1470 712 147
1498 643 1570 726 ¹).

743 858 850 924 22.
941 858 1028 924 Ut
1093 879 1277 946 saepe
1334 862 1402 925 in
1461 859 1563 925 his
1618 859 1803 925 libris
1861 861 2160 925 intricata
2218 863 2283 925 et
2344 861 2608 924 obscura
2666 862 2762 923 est
2806 860 3036 924 oratio.

652 965 870 1049 Plato,
919 967 1163 1050 inquit,
1213 967 1524 1031 arbitratu
1571 986 1686 1031 suo
1729 964 1913 1030 finxit
1954 968 2282 1030 civitatem
2326 986 2363 1030 a
2388 968 2524 1030 vita
2548 965 3035 1044 abhorrentem,

648 1071 878 1156 reliqui
961 1070 1214 1135 nullum
1287 1070 1652 1155 exemplum
1728 1074 2014 1138 civitatis
2084 1081 2575 1156 proposuerunt,
2657 1071 3035 1136 disserentes

649 1183 899 1242 tantum
966 1178 1044 1242 de
1104 1179 1442 1265 generibus
1502 1180 1894 1243 civitatium.
1983 1175 2125 1255 „Tu
2190 1177 2354 1241 mihi
2402 1178 2638 1242 videris
2686 1186 3033 1260 utrumque

647 1283 930 1349 facturus
975 1283 1070 1369 (es
1115 1286 1286 1348 enim
1339 1286 1430 1348 ita
1476 1283 1827 1370 ingressus)
1852 1329 1869 1358 ,
1916 1289 1989 1348 ut
2038 1303 2199 1368 quae
2246 1286 2382 1368 ipse
2427 1285 2701 1368 reperias
2752 1283 3033 1346 tribuere

649 1389 794 1454 aliis
855 1389 1044 1455 malis
1103 1410 1293 1474 quam
1316 1439 1333 1474 ,
1395 1397 1466 1454 ut
1527 1389 1680 1455 facit
1741 1391 1907 1475 apud
1975 1389 2307 1456 Platonem
2358 1389 2683 1466 Socrates,
2728 1391 2864 1473 ipse
2910 1387 3031 1452 fin-

647 1495 841 1584 gere”
869 1533 952 1544 ——
983 1493 1170 1582 fingit
1204 1494 1491 1561 Socrates
1533 1499 1862 1561 civitatem
1900 1517 1939 1559 a
1973 1499 2182 1582 primo
2226 1499 2469 1561 civium
2508 1516 2851 1584 congressu
2892 1497 3031 1558 eius

647 1607 857 1667 ortum
901 1622 1314 1686 persequens,
1361 1621 1480 1666 non
1523 1601 1600 1666 ad
1641 1621 1821 1666 veras
1866 1605 2260 1685 (existentes)
2286 1604 2581 1667 civitates
2605 1599 3025 1684 respiciendo,

647 1708 756 1773 sed
795 1729 978 1772 suam
1018 1706 1414 1792 phantasiam
1457 1715 1746 1783 secutus;
1794 1715 1862 1772 tu
1907 1710 2253 1773 maioribus
2282 1711 2513 1774 nostris
2540 1708 2845 1772 adscribis
2868 1725 3030 1790 quae

650 1819 762 1878 tua
807 1819 989 1890 sunt,
1035 1815 1102 1878 in
1145 1815 1404 1879 civitate
1452 1812 1739 1878 Romana
1787 1820 2071 1878 statuens
2114 1835 2219 1898 ea,
2262 1835 2421 1899 quae
2456 1817 2730 1878 maiores
2768 1813 3031 1877 fortasse

647 1919 771 2004 ipsi
809 1939 933 1983 non
979 1919 1309 1995 viderunt3
1357 1933 1422 1983 tu
1473 1922 1682 1984 mavis
1730 1921 1924 1984 etiam
1962 1925 2079 2004 ‘tua
2118 1920 2262 1985 aliis
2302 1919 2655 1985 adscribere
2683 1966 2700 1997 ,
2740 1917 3029 1984 Socrates

649 2021 885 2112 fingere
943 2029 1244 2108 tanquam
1295 2044 1444 2109 sua3
1492 2026 1618 2108 (ut)
1673 2019 1775 2106 „et
1823 2023 1939 2089 illa
1983 2025 2059 2090 de
2108 2027 2284 2090 urbis
2331 2028 2459 2090 situ
2507 2045 2760 2090 revoces
2808 2025 2887 2088 ad
2932 2045 3029 2088 ra·

646 2133 922 2209 tionem,
982 2151 1142 2214 quae
1204 2151 1238 2195 a
1299 2129 1577 2195 Romulo
1626 2151 1774 2195 casu
1824 2137 1935 2195 aut
1982 2135 2354 2198 necessitate
2400 2132 2567 2196 facta
2611 2129 2814 2196 sunt”.
2866 2127 3029 2206 „Re-

645 2254 870 2300 vocare
917 2234 997 2300 ad
1043 2235 1397 2300 rationem'’
1446 2243 1541 2300 est
1587 2235 1652 2302 h.
1679 2234 1722 2300 1.
1772 2239 2015 2301 ratione
2062 2237 2230 2303 facta
2275 2259 2409 2302 esse
2455 2239 2693 2303 docere.
2767 2237 3029 2300 Poterat

645 2344 904 2407 omnino
950 2343 1246 2407 omittere
1297 2340 1452 2418 „illa
1499 2342 1576 2406 de
1621 2343 1798 2406 urbis
1844 2341 2041 2426 situ'’,
2093 2363 2253 2427 quae
2298 2345 2623 2408 continent
2662 2340 3029 2426 explicatio-

643 2468 791 2512 nem
842 2467 963 2511 non
1011 2450 1449 2513 necessariam.
1523 2448 1761 2513 Parum
1812 2449 1965 2514 haec
2012 2451 2227 2514 omnia
2265 2471 2412 2514 cum
2454 2448 2886 2534 superioribus
2924 2467 3029 2512 co-

643 2553 940 2638 haerent3
1005 2557 1355 2639 exspectari
1419 2554 1721 2621 debebat:
1783 2562 1855 2619 tu
1916 2559 2261 2641 utrumque
2330 2577 2396 2621 es
2458 2556 2777 2633 facturus,
2840 2560 2916 2620 ut
2962 2561 3027 2620 et

643 2661 1014 2725 ratiocinere
1074 2664 1139 2725 et
1198 2660 1563 2745 exempium
1614 2680 1941 2745 proponas.
2016 2659 2142 2727 Pro
2190 2662 2307 2726 hoc
2356 2660 2750 2745 (exemplum
2801 2680 3021 2745 propo·

644 2776 784 2850 nas)
824 2765 1192 2829 substituit:
1246 2768 1564 2843 „tribuere
1612 2766 1825 2844 aliis”‚
1875 2767 2151 2852 (aliwnde
2194 2779 2446 2831 sumtum
2468 2768 2703 2850 dicem,
2730 2764 2895 2831 nihil
2915 2770 3026 2829 tibi

643 2872 988 2955 arrogans),
1029 2892 1143 2955 pro
1183 2871 1299 2937 illo
1339 2874 1787 2958 (ratiocinere),
1812 2872 1997 2960 plura
2020 2894 2268 2958 quoque
2294 2872 2696 2958 complexus:
2727 2892 3023 2950 „revoces

642 2974 724 3039 ad
762 2974 1111 3041 rationem'’
1153 2977 1420 3059 (ratione
1461 2986 1640 3042 utare
1677 2984 1855 3041 etiam
1894 2983 1997 3041 ubi
2032 2980 2195 3043 alius
2233 3002 2350 3043 non
2390 3002 2515 3043 eam
2554 2986 2891 3059 aynoeoeret
2906 3025 2923 3055 ,
2958 2984 3025 3041 ut

642 3080 710 3143 in
735 3080 980 3145 Romuli
1020 3082 1268 3145 concilio
1310 3082 1694 3168 exponendo).
1743 3083 1842 3147 Ita
1883 3082 2035 3147 dum
2080 3083 2306 3149 dilatat
2344 3086 2723 3149 sententiam
2745 3131 2764 3160 ‚
2804 3084 3022 3148 obscu-

643 3190 744 3250 rat
798 3189 1124 3270 primaria.
1209 3186 1353 3251 Non
1401 3187 1658 3264 dubito,
1701 3189 1853 3271 quin
1894 3188 2049 3253 haec
2088 3210 2125 3253 a
2164 3187 2460 3255 Cicerone
2496 3192 2591 3255 its
2626 3188 2849 3254 relicta
2897 3190 3024 3252 sint

644 3290 1143 3375 (distinctionem
1180 3294 1486 3379 correxi),
1528 3292 1633 3358 sed
1675 3293 1961 3358 studium
2004 3293 2269 3361 liberius
2304 3294 2641 3361 struendae
2688 3295 3021 3370 orationis,

643 3400 718 3459 ut
764 3397 830 3459 in
876 3417 1163 3463 sermone
1210 3395 1313 3476 fit,
1361 3418 1509 3462 eum
1559 3396 1850 3485 long-ius,
1900 3418 2006 3463 me
2052 3400 2299 3484 iudice,
2335 3403 2575 3466 avexit.
2635 3400 2926 3465 Fortasse
2968 3402 3023 3465 si

641 3498 786 3585 plus
825 3522 1048 3586 operae
1086 3503 1532 3587 impendisset,
1577 3514 1971 3569 correcturus
2010 3506 2170 3591 fuit3
2210 3524 2357 3570 nam
2401 3504 2591 3570 illum
2625 3526 2748 3570 non
2786 3506 3021 3590 ubique

637 3605 864 3673 limam
913 3610 1087 3693 operi
1135 3609 1500 3673 adhibuisse
1541 3609 1811 3675 dixerim
1854 3610 2101 3676 collatis
2142 3611 2289 3677 aliis
2326 3630 2573 3695 quoque
2598 3610 2787 3688 locis,
2820 3611 3023 3677 veluti

639 3710 688 3777 1.
759 3712 882 3792 56,
941 3712 1024 3779 11.
1097 3714 1213 3790 11,
1280 3716 1390 3779 ubi
1447 3718 1681 3799 partim
1745 3714 2011 3781 liberius
2074 3724 2382 3804 vagatur,
2445 3720 2682 3803 partim
2732 3718 3021 3803 periodos

639 3817 964 3885 dilatando
1011 3821 1324 3886 obscurat.

731 4030 839 4096 26.
910 4031 1045 4118 „OE
1047 4039 1226 4113 uma)
1284 4034 1481 4098 sacris
1535 4054 1572 4099 e
1633 4036 1994 4121 principum
2054 4056 2321 4102 numero
2368 4035 2693 4121 pontifices
2740 4040 3019 4122 quinque

637 4138 942 4223 praefecit
1003 4144 1067 4203 et
1111 4142 1356 4205 animos
1402 4142 1742 4225 propositis
1785 4140 2039 4228 legibus
2082 4144 2177 4207 hie
2196 4192 2213 4219 ,
2264 4164 2419 4227 quas
2464 4146 2532 4208 in
2582 4146 3017 4209 monumentis

708 4398 759 4458 1)
796 4395 987 4461 Scripta
1030 4396 1144 4446 haec
1182 4400 1296 4447 sunt
1340 4400 1450 4447 ante
1485 4397 1805 4447 coniecturam
1842 4413 1870 4446 a
1905 4398 2176 4448 doctissimo
2210 4398 2288 4448 W.
2325 4401 2521 4449 Sourau
2552 4399 2853 4464 propositam
2887 4402 3019 4449 nott.

639 4479 744 4528 Gel.
780 4480 896 4528 Ans.
933 4478 1063 4527 1885
1097 4494 1145 4544 p.
1179 4480 1304 4538 252,
1338 4479 1473 4530 cuius
1507 4479 1628 4529 mihi
1659 4496 1745 4529 nec
1776 4481 2102 4531 necessitatem
2118 4496 2204 4529 nec
2219 4477 2605 4545 probabilitatem
2624 4482 2785 4551 videre
2802 4482 3022 4549 contigit.
