3436 5161
655 353 788 420 310
1729 369 1976 420 omnao.

658 537 784 604 alia
841 536 922 602 ad
985 539 1441 622 argumentum
1489 535 1809 620 pertinent
1858 533 1965 620 (11.
2018 533 2100 600 61
2152 541 2219 601 et
2265 535 2391 602 alia
2440 536 2619 602 velut
2662 535 2766 602 IV.
2824 537 2901 615 5,
2950 535 3043 602 VI

658 641 924 731 passim)
988 640 1233 728 aliquid
1295 641 1682 706 inductionis
1746 639 1959 706 simile
2020 639 2378 708 Socraticae
2422 643 2802 728 perspicitur
2846 643 2901 708 Ι.
2954 641 3045 708 59

659 755 726 816 et
782 767 858 814 eo
914 747 1052 813 loco
1068 795 1087 832 ‚
1135 746 1302 812 unde
1348 746 1670 834 digressus
1715 766 1882 812 sum.
1952 745 2388 826 quaerebatur
2431 768 2589 812 num
2634 753 2837 814 rector
2884 749 3049 816 civi-

659 856 812 924 tatis
874 850 1362 919 iurisconsultus
1423 858 1490 917 et
1546 853 1794 936 sapiens
1858 871 1993 918 esse
2056 852 2345 937 deberet,
2410 872 2534 939 quo
2598 853 2787 920 modo
2854 852 3049 921 Plato

657 963 1060 1048 praeceperat
1118 963 1194 1024 ut
1255 956 1670 1044 philosophus
1726 959 1819 1024 rei
1863 956 2157 1042 publicae
2204 964 2535 1044 praeesset.
2608 958 2778 1024 Tum
2826 957 3047 1044 Scipio

656 1066 1001 1134 Manilium
1050 1066 1188 1151 (qui
1234 1063 1554 1130 doctrinae
1595 1063 1853 1129 videtur
1892 1069 2103 1149 partes
2140 1066 2517 1151 suscepisse)
2558 1067 2649 1132 sic
2688 1067 2818 1131 fere
2840 1066 3045 1130 inter-

657 1174 958 1261 rogabat:
1005 1171 1074 1238 Si
1122 1175 1524 1256 procuratore
1569 1167 1690 1234 tibi
1740 1189 1897 1254 opus
1945 1176 2109 1236 esset
2157 1172 2224 1234 in
2270 1190 2425 1258 agro
2441 1218 2457 1250 ,
2500 1191 2691 1256 quem
2732 1167 3049 1258 eligeres?

657 1279 1022 1345 litterarum
1083 1277 1310 1342 rudem
1373 1295 1452 1341 an
1516 1272 1843 1359 peritum?
1927 1274 2025 1342 M.
2072 1275 2387 1342 Peritum.
2462 1277 2525 1342 S.
2574 1277 2740 1358 Quid
2788 1297 2939 1344 vero
2988 1279 3047 1343 si

658 1387 715 1452 is
775 1387 846 1450 in
905 1382 1140 1449 litteris
1199 1402 1268 1447 se
1327 1380 1734 1447 absconderet
1794 1385 2039 1460 totum,
2106 1401 2263 1447 num
2332 1379 2671 1468 probares?
2730 1382 2827 1448 M.
2899 1383 3047 1449 Non

659 1511 808 1558 sane
827 1537 844 1568 ,
903 1510 984 1554 ne
1037 1485 1408 1575 neglegeret
1453 1489 1729 1552 rationes
1775 1489 2057 1572 accipere
2104 1494 2171 1552 et
2214 1487 2491 1554 reddere.
2562 1487 2628 1553 S.
2678 1487 2795 1554 Est
2838 1490 3049 1576 igitur

660 1599 988 1684 proprium
1036 1597 1174 1660 eius
1219 1592 1504 1658 studium
1527 1639 1544 1671 ‚
1592 1595 1698 1659 cni
1747 1598 1893 1659 ante
1939 1592 2067 1660 alia
2112 1595 2331 1660 omnia
2368 1615 2593 1660 vacare
2628 1595 2835 1660 debet.
2874 1593 3047 1674 Quid

663 1723 812 1771 vero
855 1697 1130 1769 vilicus?
1177 1699 1246 1764 Si
1283 1700 1498 1785 cupiet
1535 1718 1726 1763 usum
1770 1698 2103 1776 „radicum
2146 1701 2591 1784 seminumque
2632 1721 3007 1788 cognoscere
3026 1751 3047 1786 ‚

662 1829 816 1877 num
877 1812 942 1873 te
995 1800 1302 1872 offendet?
1348 1803 1439 1868 Μ.
1485 1802 1706 1880 Nihil,
1754 1806 1811 1870 si
1860 1805 2047 1871 modo
2098 1825 2257 1890 opus
2302 1806 2569 1871 extabit.
2640 1805 2704 1870 S.
2752 1805 2931 1872 Num
2976 1805 3049 1871 id

663 1913 948 1982 studium
1011 1927 1222 1976 censes
1283 1929 1418 1975 esse
1475 1905 1698 1975 vilici?
1740 1908 1834 1975 Μ.
1884 1909 2191 1976 Minime:
2242 1913 2475 1996 quippe
2522 1931 2666 1976 cum
2714 1913 2859 1998 agri
2903 1909 3047 1976 cul-

661 2025 876 2086 turam
940 2017 1309 2102 saepissime
1371 2035 1558 2102 opera
1609 2013 1925 2082 deficiat”.
2004 2015 2319 2082 (lucturam
2366 2018 2634 2082 coniecit
2678 2015 3047 2082 Steinacke·

661 2145 806 2204 rus3
871 2123 1090 2190 Maius
1150 2121 1396 2210 legerat
1449 2123 1727 2198 cultura3
1786 2121 2187 2188 Detlefsenus
2232 2123 2471 2187 cultura
2516 2124 2610 2207 (in
2656 2121 2781 2188 fine
2824 2143 3050 2188 versus

663 2230 1119 2320 probabiliter).
1192 2227 1636 2294 Steinackerus
1655 2275 1672 2306 ‚
1735 2247 1925 2314 quem
1990 2227 2220 2314 reliqui
2280 2234 2633 2314 sequuntur
2650 2277 2666 2307 ,
2730 2227 3040 2315 explicat:

668 2336 1102 2425 „agricultura
1161 2338 1254 2399 ita
1315 2353 1572 2419 operosa
1629 2341 1761 2417 est,
1812 2339 1885 2399 ut
1930 2353 2119 2419 opera
2162 2339 2351 2419 atque
2398 2335 2715 2400 industria
2761 2334 3050 2400 humana

665 2466 805 2512 eam
853 2441 1106 2509 deficiat
1151 2439 1583 2526 saepissime”.
1657 2439 1953 2506 Primum
2000 2439 2268 2506 moleste
2312 2441 2432 2507 hoc
2478 2441 2760 2507 dictum:
2817 2461 3051 2526 „opera

665 2549 878 2618 deficit
943 2549 1157 2635 (quasi
1215 2546 1536 2632 destituit)
1597 2548 1739 2634 agri
1802 2545 2189 2625 culturam”,
2253 2568 2401 2633 pro:
2472 2567 2656 2633 saepe
2718 2567 2844 2615 non
2889 2549 3050 2615 satis

664 2676 1010 2740 manuum,
1074 2656 1175 2741 (ut
1230 2673 1397 2719 nunc
1449 2651 1802 2738 loquimur)
1866 2656 2151 2738 suppetit
2210 2654 2290 2718 ad
2362 2674 2593 2741 agrum
2666 2654 3048 2741 colendum3

665 2770 809 2830 tum
872 2782 996 2829 non
1042 2780 1232 2845 quam
1277 2762 1590 2825 iacturam
1639 2760 1897 2824 omnino
1942 2760 2225 2844 patiatur
2270 2780 2425 2847 ager
2479 2759 2821 2825 dicendum
2870 2766 3045 2839 erat,

665 2870 776 2937 sed
837 2888 1030 2955 quam
1090 2868 1372 2951 patiatur
1443 2866 1624 2929 huius
1695 2864 1950 2929 hominis
2015 2864 2275 2931 desidia.
2370 2865 2695 2949 Propono:
2769 2868 3053 2951 „quippe

667 2997 816 3043 cum
877 2976 1020 3063 agri
1079 2971 1332 3038 cultura
1390 2970 1761 3055 saepissime
1820 2972 1949 3036 eius
2003 2992 2189 3057 opera
2244 2969 2539 3036 deficiat”
2584 2974 2631 3035 i.
2656 2992 2709 3037 e.
2762 2970 3009 3036 desinat
3029 3016 3048 3049 ,

665 3082 1133 3149 intermittatur
1215 3074 1563 3163 (stilstaan)
1580 3124 1598 3160 ‚
1681 3097 1802 3141 usu
1872 3080 2028 3144 satis
2096 3082 2280 3154 noto;
2350 3079 2489 3143 eius
2560 3076 2751 3165 culpa
2817 3078 3053 3162 (opera)

668 3192 1016 3275 quiesceret
1061 3204 1233 3272 ager.
1295 3182 1372 3247 In
1410 3180 1677 3269 vulgata
1716 3182 1837 3248 hoc
1875 3204 2123 3269 quoque
2162 3182 2438 3248 insolens
2476 3187 2573 3248 est
2608 3182 2777 3268 quod
2801 3184 3054 3266 deficere

667 3297 962 3383 iungitur
1007 3312 1154 3357 cum
1200 3289 1446 3354 obiecto
1491 3290 1616 3366 rei3
1666 3308 1803 3367 me,
1851 3294 1951 3367 te,
2004 3288 2282 3375 aliquem
2307 3335 2324 3366 ‚
2374 3288 2575 3354 solem
2626 3291 2706 3375 (si
2753 3308 2867 3373 pro
2903 3308 3053 3373 per-

665 3420 820 3466 sona
855 3400 975 3482 est)
1010 3394 1254 3480 aliquid
1301 3392 1514 3460 deficit
1533 3440 1548 3471 ,
1587 3414 1747 3459 non:
1793 3395 2013 3461 urbem
2050 3394 2421 3472 salubritas,
2468 3395 2757 3461 arborem
2786 3396 3055 3472 umbra,

667 3508 790 3571 nisi
836 3505 980 3590 quis
1023 3501 1168 3566 urbi
1215 3504 1280 3565 et
1323 3499 1534 3565 arbori
1579 3499 1893 3566 humanos
1940 3500 2199 3566 affectus
2237 3500 2485 3566 tribuit.
2557 3499 2791 3571 Multis
2838 3502 3056 3565 nomi·-

672 3611 860 3677 nibus
919 3605 1136 3674 simile
1197 3618 1293 3670 est
1355 3606 1712 3670 ἐπιλείπειν.
1782 3604 2083 3672 Ceterum
2146 3604 2503 3693 elegantius
2548 3612 2678 3671 est:
2730 3605 3056 3691 „Quippez

667 3720 810 3806 agri
855 3711 1173 3793 cultura”‚
1221 3710 1362 3777 rell.

2116 3920 2187 3989 O.
2236 3922 2330 3989 Μ.
2378 3919 2875 3990 ΕΒΑΝΟΚΕΝ.
