3436 5161
1323 354 1411 401 An
1455 352 1857 403 rnou‘rounu.
2658 335 2788 402 125

404 514 527 580 111
594 522 657 581 et
729 515 877 597 137,
940 516 1380 585 Demostratus
1441 524 1571 596 est,
1638 538 1763 584 non
1836 518 2341 585 Demonstratus.
2435 519 2680 585 Littera
2746 542 2790 583 n

396 641 591 707 preve
636 625 949 689 insertum
997 626 1247 709 saepius
1293 624 1451 690 talia
1496 633 1781 692 monstra
1830 628 2165 693 verborum
2215 630 2530 713 peperisse
2583 647 2788 691 exem-

396 728 507 814 pla
570 729 828 803 docent,
886 749 1048 815 quae
1105 730 1281 795 affert
1344 726 1607 796 Gorseen
1631 780 1647 809 ,
1694 734 1956 817 Ausspr.
2009 754 2072 797 u.
2122 732 2352 799 Voksl.
2405 732 2456 798 Ι.
2509 754 2569 817 p.
2617 730 2787 797 255:

398 832 781 901 Onensimus
801 885 819 921 ,
885 836 1112 901 Atlans
1130 883 1147 913 ,
1214 835 1539 922 Dymnus,
1608 841 2234 923 praenetantiseimus
2295 845 2444 905 cett.
2512 876 2596 889 —
2642 837 2790 923 Ipse

396 939 631 1006 Fronto
692 942 886 1007 hebet
934 964 989 1027 p.
1044 941 1214 1009 235:
1260 941 1545 1028 manlui3
1595 967 1699 1031 pp.
1754 944 1858 1021 17,
1913 942 2038 1029 30,
2087 942 2174 1009 88
2223 951 2287 1011 et
2340 944 2468 1011 132
2515 945 2789 1011 desider-

398 1048 769 1113 antissimus
814 1050 1093 1133 passive;
1143 1071 1205 1136 p.
1254 1048 1389 1115 212
1436 1052 1988 1139 epigrammantis.

484 1258 702 1325 Emer.
764 1278 851 1325 AD
917 1258 1151 1325 Vnstm
1210 1259 1355 1327 ῙΜΡ.
1416 1262 1663 1327 Auenn.
1731 1258 1924 1327 CAns.
1987 1278 2118 1328 mn.
2167 1260 2216 1327 1.
2267 1260 2381 1327 Er.
2435 1260 2495 1345 1,
2543 1278 2601 1327 Ρ.
2655 1259 2784 1327 114

394 1364 723 1430 historiam
799 1389 1035 1453 quoque
1097 1368 1389 1454 scripsere
1450 1366 1782 1433 Sallustius
1845 1380 2072 1433 structe
2091 1415 2108 1445 ,
2167 1368 2391 1435 Pictor
2449 1370 2750 1433 incondite
2768 1412 2785 1445 ,

406 1468 699 1537 Claudius
739 1472 971 1565 lepide,
1010 1470 1241 1538 Antias
1276 1477 1607 1557 invenuste,
1658 1474 1916 1539 Sisenna
1967 1476 2100 1541 lon
2111 1478 2442 1562 yinque.

486 1576 657 1658 Quid
718 1580 804 1644 sit
874 1579 1197 1667 lonqinque
1261 1582 1515 1645 scribere
1571 1601 1695 1646 non
1761 1584 1961 1666 capi0.
2049 1581 2222 1647 Vera
2283 1580 2472 1647 lectio
2533 1580 2788 1646 videtur

394 1686 794 1750 concinne.
873 1682 1039 1751 Cum
1081 1686 1201 1751 hoc
1247 1684 1615 1766 Frontonis,
1666 1688 2014 1772 antiquarii
2061 1692 2127 1751 et
2173 1690 2598 1755 vetustiorum
2648 1708 2788 1753 ver-

396 1788 621 1854 borum
688 1794 1047 1871 sectatoris,
1109 1792 1187 1857 de
1234 1790 1531 1859 Sisennae
1578 1792 1892 1858 scribendi
1938 1796 2190 1880 generis
2234 1792 2469 1859 iudicio
2515 1794 2788 1857 minime

396 1900 687 1983 pugnant
746 1917 906 1981 quse
967 1896 1272 1983 leguntur
1334 1899 1500 1983 apud
1564 1897 1932 1965 Ciceronem
1997 1902 2063 1963 in
2126 1898 2328 1965 Bruto
2385 1897 2534 1984 (74,
2584 1898 2782 1986 259),

394 2002 507 2066 ubi
578 2004 645 2066 in
708 2003 929 2068 eodem
990 2005 1471 2089 reprehenditur
1529 2005 1697 2090 quod
1763 2007 1984 2091 „quasi
2047 2005 2416 2071 emendator
2475 2008 2783 2071 sermonis

395 2108 643 2193 antiqui
700 2129 901 2193 quum
956 2130 1093 2175 esse
1137 2109 1371 2195 vellet,
1418 2132 1543 2177 non
1590 2111 1894 2177 deterreri
1937 2112 2149 2197 potuit
2197 2113 2538 2196 quominus
2583 2112 2784 2176 inusi-

392 2216 546 2279 tatis
592 2215 804 2280 verbis
848 2215 1200 2281 uteretur”.

414 2446 421 2451 ’
482 2428 699 2495 EPIS'r.
768 2430 807 2493 3
830 2480 843 2503 ‚
899 2448 960 2495 P.
1027 2429 1155 2495 116
1218 2434 1496 2518 equidem
1540 2433 1806 2497 multum
1843 2434 2126 2519 fratrem
2171 2454 2376 2497 meum
2423 2432 2743 2517 obiuryavi
2760 2478 2778 2509 ,

390 2558 503 2600 cur
563 2558 658 2601 me
720 2560 845 2602 non
907 2540 1237 2603 revocavit.-
1298 2560 1485 2625 neque
1545 2539 1790 2626 culpam
1834 2540 2095 2604 abnuere
2141 2562 2331 2604 ausus
2376 2551 2483 2604 est.
2565 2536 2778 2618 Quan-

394 2653 553 2723 tum,
619 2665 727 2707 oro
788 2655 845 2707 te
862 2689 893 2734 ⁹.
933 2644 1075 2730 fuit
1136 2657 1277 2708 ante
1336 2645 1495 2709 mihi
1555 2647 1936 2731 siymflcare,
2003 2657 2058 2710 te
2121 2648 2208 2710 ad
2248 2645 2530 2730 fratrem
2575 2667 2778 2708 meum

391 2759 717 2812 venturum
762 2770 885 2812 esse
899 2795 916 2825 ,
964 2749 1107 2814 velle
1150 2773 1247 2814 me
1292 2773 1527 2837 quoque
1570 2748 1804 2814 visere?

479 2851 705 2918 Malim
756 2855 1253 2941 quant<ul>um
1300 2879 1355 2922 o.
1406 2869 1447 2922 t.
1489 2858 1649 2944 fuit.
1701 2855 1800 2923 Of.
1850 2857 1926 2921 ed
1977 2858 2215 2921 amicos
2261 2854 2356 2934 ΙΙ,
2409 2853 2471 2941 7,
2517 2878 2582 2943 p.
2625 2852 2775 2921 197.

474 3067 683 3134 Lusus
712 3051 717 3058 ¹
742 3068 831 3133 II.
892 3067 1113 3134 Emer.
1184 3070 1243 3154 1,
1308 3087 1365 3134 P.
1443 3069 1571 3134 120
1628 3073 1826 3159 recepi
1883 3073 2080 3158 recepi
2145 3071 2446 3156 habeoque
2493 3081 2779 3155 teneoque

388 3197 627 3238 omnem
674 3175 783 3238 abs
830 3187 885 3240 te
931 3175 1307 3241 cumulatam
1348 3201 1623 3264 parem
1664 3181 1966 3262 qratiam.

481 3279 681 3360 Quia,
747 3301 905 3365 quse
969 3281 1299 3347 cumulate
1360 3285 1570 3369 gratia
1631 3283 1900 3368 dicitur,
1966 3283 2184 3347 eadem
2249 3303 2362 3368 per
2425 3282 2554 3347 dici
2599 3281 2778 3347 nullo

388 3387 577 3453 modo
623 3393 867 3472 potest,
916 3409 1028 3473 pro
1071 3411 1293 3476 parem
1338 3389 1743 3454 scribendum
1792 3395 1888 3454 est
1928 3391 2194 3478 plane.

478 3599 695 3666 EPIST.
736 3601 795 3680 l,
832 3619 885 3666 P.
934 3600 1053 3666 121
1102 3604 1167 3668 in
1213 3625 1283 3668 ea
1334 3613 1401 3668 tu
1438 3615 1627 3690 parte
1675 3603 2022 3668 litterarum
2070 3616 2357 3686 tuarum,
2401 3615 2472 3668 ut
2495 3603 2776 3689 fratrem

385 3720 699 3772 amantem
759 3711 992 3786 decuit,
1040 3711 1350 3774 sententiis
1392 3711 1593 3793 mayis
1637 3710 1942 3774 crebris
1985 3722 2045 3774 et
2093 3710 2365 3774 dulcibus
2411 3731 2558 3774 usus
2603 3731 2683 3773 es.

476 3811 749 3878 Difficile
805 3814 981 3878 dictu
1031 3827 1162 3897 est,
1211 3815 1527 3898 quomodo
1574 3815 1938 3880 crebrarum
1988 3815 2445 3880 sententiarum
2495 3835 2616 3878 usu
2663 3833 2777 3898 pro

386 3917 646 3983 fraterni
709 3921 943 3984 amoris
1008 3920 1387 3985 documento
1449 3920 1669 3986 haberi
1733 3923 1948 4005 possit.
2022 3918 2284 4008 Cori-ige
2329 3922 2534 4008 igitur
2579 3921 2776 3986 leni-

384 4024 524 4089 bus
570 4027 610 4088 i.
668 4045 719 4090 e.
771 4026 1041 4090 mitibus
1090 4033 1154 4092 et
1198 4025 1487 4112 placidis,

474 4237 692 4304 Emer.
762 4238 823 4321 l,
886 4257 945 4304 Ρ.
1010 4238 1137 4304 122
1186 4242 1337 4326 quid
1382 4263 1619 4326 ayerem
1670 4253 1804 4306 tum
1851 4243 2013 4304 inter
2057 4242 2209 4305 duos
2253 4241 2518 4306 ambos
2565 4239 2776 4306 meos?

373 4347 779 4433 petitoremne
822 4369 907 4410 an
951 4349 1111 4411 unde
1144 4359 1497 4434 peteretur,
1546 4349 1748 4432 mayis
1793 4345 2163 4411 laudarem?
2233 4345 2592 4412 Antoninus
2639 4361 2776 4414 erat

380 4475 516 4516 cum
561 4453 825 4540 imperio
870 4453 1225 4540 obsequens;
1274 4466 1343 4518 tu
1387 4465 1625 4538 autem,
1670 4451 1858 4537 Luci,
1897 4475 2034 4518 cum
2072 4454 2351 4540 obsequio
2387 4476 2530 4519 eras
2554 4478 2716 4542 pra
2742 4475 2774 4518 e
