<?xml version="1.0" encoding="UTF-8"?>
<!DOCTYPE html PUBLIC "-//W3C//DTD XHTML 1.0 Transitional//EN"
    "http://www.w3.org/TR/xhtml1/DTD/xhtml1-transitional.dtd">
<html xmlns="http://www.w3.org/1999/xhtml" xml:lang="en" lang="en">
 <head>
  <title>
</title>
<meta http-equiv="Content-Type" content="text/html;charset=utf-8" />
  <meta name='ocr-system' content='tesseract 3.04.00' />
  <meta name='ocr-capabilities' content='ocr_page ocr_carea ocr_par ocr_line ocrx_word'/>
</head>
<body>
  <div class='ocr_page' id='page_1' title='image "./mnemosynevolume00verdgoog_0321.png"; bbox 0 0 3436 5161; ppageno 0'>
   <div class='ocr_carea' id='block_1_1' title="bbox 1459 385 2777 456">
    <p class='ocr_par' dir='ltr' id='par_1_1' title="bbox 1459 385 2777 456">
     <span class='ocr_line' id='line_1_1' title="bbox 1459 385 2777 456; baseline -0.002 0"><span class='ocrx_word' id='word_1_1' title='bbox 1459 403 1702 456; x_wconf 66' lang='lat' dir='ltr'><strong>ormo·</strong></span> <span class='ocrx_word' id='word_1_2' title='bbox 2643 385 2777 454; x_wconf 75' lang='lat'><strong>803</strong></span> 
     </span>
    </p>
   </div>
   <div class='ocr_carea' id='block_1_2' title="bbox 389 565 2785 870">
    <p class='ocr_par' dir='ltr' id='par_1_2' title="bbox 389 565 2785 870">
     <span class='ocr_line' id='line_1_2' title="bbox 486 565 2784 659; baseline 0.001 -24"><span class='ocrx_word' id='word_1_3' title='bbox 486 567 594 636; x_wconf 80' lang='lat'><strong>52.</strong></span> <span class='ocrx_word' id='word_1_4' title='bbox 668 569 850 658; x_wconf 76' lang='lat' dir='ltr'><strong>„Ego</strong></span> <span class='ocrx_word' id='word_1_5' title='bbox 914 565 1130 638; x_wconf 81' lang='lat' dir='ltr'><strong>autem</strong></span> <span class='ocrx_word' id='word_1_6' title='bbox 1153 618 1169 647; x_wconf 91' lang='lat'>,</span> <span class='ocrx_word' id='word_1_7' title='bbox 1227 573 1285 636; x_wconf 88' lang='lat' dir='ltr'><strong>si</strong></span> <span class='ocrx_word' id='word_1_8' title='bbox 1351 571 1534 658; x_wconf 87' lang='lat' dir='ltr'><strong>[quo]</strong></span> <span class='ocrx_word' id='word_1_9' title='bbox 1591 573 1785 639; x_wconf 89' lang='lat' dir='ltr'><strong>modo</strong></span> <span class='ocrx_word' id='word_1_10' title='bbox 1834 577 2131 658; x_wconf 76' lang='lat' dir='ltr'>consequi</span> <span class='ocrx_word' id='word_1_11' title='bbox 2179 579 2477 659; x_wconf 84' lang='lat' dir='ltr'><strong>potuero,</strong></span> <span class='ocrx_word' id='word_1_12' title='bbox 2522 573 2784 638; x_wconf 84' lang='lat' dir='ltr'><strong>rationi·</strong></span> 
     </span>
     <span class='ocr_line' id='line_1_3' title="bbox 390 675 2781 766; baseline 0.001 -26"><span class='ocrx_word' id='word_1_13' title='bbox 390 675 512 741; x_wconf 86' lang='lat' dir='ltr'><strong>bus</strong></span> <span class='ocrx_word' id='word_1_14' title='bbox 573 675 813 741; x_wconf 85' lang='lat' dir='ltr'><strong>eisdem</strong></span> <span class='ocrx_word' id='word_1_15' title='bbox 831 721 852 753; x_wconf 83' lang='lat'><strong>,</strong></span> <span class='ocrx_word' id='word_1_16' title='bbox 915 696 1072 762; x_wconf 77' lang='lat' dir='ltr'><strong>quas</strong></span> <span class='ocrx_word' id='word_1_17' title='bbox 1132 676 1246 743; x_wconf 89' lang='lat' dir='ltr'><strong>ille</strong></span> <span class='ocrx_word' id='word_1_18' title='bbox 1291 677 1488 756; x_wconf 84' lang='lat' dir='ltr'><strong>vidit,</strong></span> <span class='ocrx_word' id='word_1_19' title='bbox 1539 699 1663 744; x_wconf 90' lang='lat' dir='ltr'><strong>non</strong></span> <span class='ocrx_word' id='word_1_20' title='bbox 1710 681 1779 744; x_wconf 90' lang='lat' dir='ltr'><strong>in</strong></span> <span class='ocrx_word' id='word_1_21' title='bbox 1826 680 2059 745; x_wconf 81' lang='lat' dir='ltr'><strong>umbra</strong></span> <span class='ocrx_word' id='word_1_22' title='bbox 2103 684 2171 745; x_wconf 90' lang='lat' dir='ltr'><strong>et</strong></span> <span class='ocrx_word' id='word_1_23' title='bbox 2216 681 2501 766; x_wconf 77' lang='lat' dir='ltr'><strong>imagine</strong></span> <span class='ocrx_word' id='word_1_24' title='bbox 2550 680 2781 745; x_wconf 79' lang='lat' dir='ltr'><strong>civita·</strong></span> 
     </span>
     <span class='ocr_line' id='line_1_4' title="bbox 389 782 2785 870; baseline 0 -23"><span class='ocrx_word' id='word_1_25' title='bbox 389 783 479 847; x_wconf 87' lang='lat' dir='ltr'><strong>tis</strong></span> <span class='ocrx_word' id='word_1_26' title='bbox 496 827 513 859; x_wconf 88' lang='lat'><em>,</em></span> <span class='ocrx_word' id='word_1_27' title='bbox 581 783 692 848; x_wconf 88' lang='lat' dir='ltr'><strong>sed</strong></span> <span class='ocrx_word' id='word_1_28' title='bbox 751 785 818 847; x_wconf 89' lang='lat' dir='ltr'><strong>in</strong></span> <span class='ocrx_word' id='word_1_29' title='bbox 880 782 1280 869; x_wconf 85' lang='lat' dir='ltr'><strong>amplissima</strong></span> <span class='ocrx_word' id='word_1_30' title='bbox 1335 805 1404 849; x_wconf 89' lang='lat' dir='ltr'><strong>re</strong></span> <span class='ocrx_word' id='word_1_31' title='bbox 1448 785 1704 869; x_wconf 84' lang='lat' dir='ltr'><strong>publica</strong></span> <span class='ocrx_word' id='word_1_32' title='bbox 1751 788 1959 850; x_wconf 86' lang='lat' dir='ltr'><strong>enitar</strong></span> <span class='ocrx_word' id='word_1_33' title='bbox 1977 833 1995 868; x_wconf 88' lang='lat'>‚</span> <span class='ocrx_word' id='word_1_34' title='bbox 2043 790 2119 850; x_wconf 85' lang='lat' dir='ltr'><strong>ut</strong></span> <span class='ocrx_word' id='word_1_35' title='bbox 2166 785 2476 870; x_wconf 85' lang='lat' dir='ltr'><strong>cuiusque</strong></span> <span class='ocrx_word' id='word_1_36' title='bbox 2523 789 2587 850; x_wconf 87' lang='lat' dir='ltr'><strong>et</strong></span> <span class='ocrx_word' id='word_1_37' title='bbox 2634 784 2785 849; x_wconf 87' lang='lat' dir='ltr'><strong>boni</strong></span> 
     </span>
    </p>
   </div>
   <div class='ocr_carea' id='block_1_3' title="bbox 285 887 2644 978">
    <p class='ocr_par' dir='ltr' id='par_1_3' title="bbox 285 887 2644 978">
     <span class='ocr_line' id='line_1_5' title="bbox 285 887 2644 978; baseline 0.003 -29"><span class='ocrx_word' id='word_1_38' title='bbox 285 942 294 949; x_wconf 93' lang='lat'><strong><em>.</em></strong></span> <span class='ocrx_word' id='word_1_39' title='bbox 392 887 636 972; x_wconf 75' lang='lat' dir='ltr'><strong>publici</strong></span> <span class='ocrx_word' id='word_1_40' title='bbox 681 894 748 954; x_wconf 86' lang='lat' dir='ltr'><strong>et</strong></span> <span class='ocrx_word' id='word_1_41' title='bbox 794 888 951 954; x_wconf 87' lang='lat' dir='ltr'><strong>mali</strong></span> <span class='ocrx_word' id='word_1_42' title='bbox 999 909 1254 955; x_wconf 84' lang='lat' dir='ltr'><strong>causam</strong></span> <span class='ocrx_word' id='word_1_43' title='bbox 1307 897 1639 976; x_wconf 82' lang='lat' dir='ltr'><strong>tamqnam</strong></span> <span class='ocrx_word' id='word_1_44' title='bbox 1689 889 1949 978; x_wconf 80' lang='lat' dir='ltr'><strong>virgula</strong></span> <span class='ocrx_word' id='word_1_45' title='bbox 1994 891 2216 957; x_wconf 83' lang='lat' dir='ltr'><strong>videar</strong></span> <span class='ocrx_word' id='word_1_46' title='bbox 2263 888 2644 978; x_wconf 59' lang='lat' dir='ltr'><strong>attinget-&amp;²-</strong></span> 
     </span>
    </p>
   </div>
   <div class='ocr_carea' id='block_1_4' title="bbox 377 993 2785 3411">
    <p class='ocr_par' dir='ltr' id='par_1_4' title="bbox 377 993 2785 3411">
     <span class='ocr_line' id='line_1_6' title="bbox 481 993 2781 1082; baseline -0 -22"><span class='ocrx_word' id='word_1_47' title='bbox 481 993 648 1060; x_wconf 88' lang='lat' dir='ltr'><strong>Nolo</strong></span> <span class='ocrx_word' id='word_1_48' title='bbox 692 1015 982 1080; x_wconf 78' lang='lat' dir='ltr'>premere</span> <span class='ocrx_word' id='word_1_49' title='bbox 1027 998 1444 1080; x_wconf 75' lang='lat' dir='ltr'><strong>suspitionem</strong></span> <span class='ocrx_word' id='word_1_50' title='bbox 1482 1002 1779 1082; x_wconf 85' lang='lat' dir='ltr'><strong>corrupta</strong></span> <span class='ocrx_word' id='word_1_51' title='bbox 1820 1017 1955 1062; x_wconf 89' lang='lat' dir='ltr'><strong>esse</strong></span> <span class='ocrx_word' id='word_1_52' title='bbox 1991 1019 2139 1081; x_wconf 72' lang='lat' dir='ltr'><strong>quac</strong></span> <span class='ocrx_word' id='word_1_53' title='bbox 2176 996 2287 1060; x_wconf 73' lang='lat' dir='ltr'><strong>me</strong></span> <span class='ocrx_word' id='word_1_54' title='bbox 2324 996 2511 1073; x_wconf 55' lang='lat' dir='ltr'><strong>widin</strong></span> <span class='ocrx_word' id='word_1_55' title='bbox 2552 1015 2781 1080; x_wconf 85' lang='lat' dir='ltr'><strong>parum</strong></span> 
     </span>
     <span class='ocr_line' id='line_1_7' title="bbox 393 1101 2783 1186; baseline 0.001 -22"><span class='ocrx_word' id='word_1_56' title='bbox 393 1104 614 1184; x_wconf 87' lang='lat' dir='ltr'><strong>aptum</strong></span> <span class='ocrx_word' id='word_1_57' title='bbox 663 1107 796 1166; x_wconf 87' lang='lat' dir='ltr'><strong>est:</strong></span> <span class='ocrx_word' id='word_1_58' title='bbox 843 1102 1045 1166; x_wconf 74' lang='lat' dir='ltr'><strong>videre</strong></span> <span class='ocrx_word' id='word_1_59' title='bbox 1089 1103 1400 1186; x_wconf 85' lang='lat' dir='ltr'><strong>rationes3</strong></span> <span class='ocrx_word' id='word_1_60' title='bbox 1454 1101 1642 1168; x_wconf 83' lang='lat' dir='ltr'><strong>Plato</strong></span> <span class='ocrx_word' id='word_1_61' title='bbox 1677 1101 1909 1167; x_wconf 69' lang='lat' dir='ltr'><strong>invenit</strong></span> <span class='ocrx_word' id='word_1_62' title='bbox 1946 1121 2089 1167; x_wconf 88' lang='lat' dir='ltr'><strong>eam</strong></span> <span class='ocrx_word' id='word_1_63' title='bbox 2130 1104 2439 1168; x_wconf 83' lang='lat' dir='ltr'><strong>rationem</strong></span> <span class='ocrx_word' id='word_1_64' title='bbox 2460 1147 2477 1179; x_wconf 86' lang='lat'><strong>,</strong></span> <span class='ocrx_word' id='word_1_65' title='bbox 2518 1109 2597 1165; x_wconf 86' lang='lat' dir='ltr'><strong>ut</strong></span> <span class='ocrx_word' id='word_1_66' title='bbox 2618 1103 2783 1167; x_wconf 78' lang='lat' dir='ltr'><strong>vitia</strong></span> 
     </span>
     <span class='ocr_line' id='line_1_8' title="bbox 393 1205 2785 1292; baseline -0.001 -21"><span class='ocrx_word' id='word_1_67' title='bbox 393 1208 675 1272; x_wconf 82' lang='lat' dir='ltr'><strong>civitatis</strong></span> <span class='ocrx_word' id='word_1_68' title='bbox 730 1209 1111 1292; x_wconf 77' lang='lat' dir='ltr'><strong>perspiceret</strong></span> <span class='ocrx_word' id='word_1_69' title='bbox 1175 1209 1243 1272; x_wconf 90' lang='lat' dir='ltr'><strong>in</strong></span> <span class='ocrx_word' id='word_1_70' title='bbox 1304 1208 1566 1273; x_wconf 88' lang='lat' dir='ltr'><strong>homine</strong></span> <span class='ocrx_word' id='word_1_71' title='bbox 1614 1210 1753 1292; x_wconf 88' lang='lat' dir='ltr'><strong>ipso</strong></span> <span class='ocrx_word' id='word_1_72' title='bbox 1772 1255 1787 1284; x_wconf 93' lang='lat'>,</span> <span class='ocrx_word' id='word_1_73' title='bbox 1840 1227 1913 1273; x_wconf 84' lang='lat' dir='ltr'><strong>ea</strong></span> <span class='ocrx_word' id='word_1_74' title='bbox 1958 1229 2105 1272; x_wconf 71' lang='lat' dir='ltr'><strong>uem</strong></span> <span class='ocrx_word' id='word_1_75' title='bbox 2148 1215 2235 1272; x_wconf 72' lang='lat' dir='ltr'><strong>est</strong></span> <span class='ocrx_word' id='word_1_76' title='bbox 2253 1253 2269 1285; x_wconf 88' lang='lat'><strong>,</strong></span> <span class='ocrx_word' id='word_1_77' title='bbox 2318 1227 2461 1273; x_wconf 91' lang='lat' dir='ltr'><strong>eam</strong></span> <span class='ocrx_word' id='word_1_78' title='bbox 2508 1205 2785 1270; x_wconf 67' lang='lat' dir='ltr'><strong>adhibuit</strong></span> 
     </span>
     <span class='ocr_line' id='line_1_9' title="bbox 393 1310 2777 1398; baseline 0 -23"><span class='ocrx_word' id='word_1_79' title='bbox 393 1310 473 1375; x_wconf 87' lang='lat' dir='ltr'><strong>ad</strong></span> <span class='ocrx_word' id='word_1_80' title='bbox 536 1313 998 1398; x_wconf 82' lang='lat' dir='ltr'><strong>cognoscendas</strong></span> <span class='ocrx_word' id='word_1_81' title='bbox 1043 1331 1256 1378; x_wconf 83' lang='lat' dir='ltr'><strong>rerum</strong></span> <span class='ocrx_word' id='word_1_82' title='bbox 1309 1313 1712 1398; x_wconf 87' lang='lat' dir='ltr'><strong>publicarum</strong></span> <span class='ocrx_word' id='word_1_83' title='bbox 1760 1315 2231 1391; x_wconf 57' lang='lat' dir='ltr'><strong>conversionem</strong></span> <span class='ocrx_word' id='word_1_84' title='bbox 2276 1313 2387 1378; x_wconf 87' lang='lat' dir='ltr'><strong>sed</strong></span> <span class='ocrx_word' id='word_1_85' title='bbox 2433 1311 2598 1393; x_wconf 29' lang='lat' dir='ltr'><strong>vidit·</strong></span> <span class='ocrx_word' id='word_1_86' title='bbox 2636 1331 2777 1377; x_wconf 81' lang='lat' dir='ltr'><strong>eam</strong></span> 
     </span>
     <span class='ocr_line' id='line_1_10' title="bbox 389 1417 2779 1504; baseline 0.001 -23"><span class='ocrx_word' id='word_1_87' title='bbox 389 1417 702 1482; x_wconf 87' lang='lat' dir='ltr'><strong>rationem</strong></span> <span class='ocrx_word' id='word_1_88' title='bbox 769 1417 1042 1484; x_wconf 87' lang='lat' dir='ltr'><strong>insolens</strong></span> <span class='ocrx_word' id='word_1_89' title='bbox 1103 1426 1218 1484; x_wconf 85' lang='lat' dir='ltr'><strong>est.</strong></span> <span class='ocrx_word' id='word_1_90' title='bbox 1291 1417 1490 1484; x_wconf 89' lang='lat' dir='ltr'><strong>Porro</strong></span> <span class='ocrx_word' id='word_1_91' title='bbox 1535 1419 1692 1504; x_wconf 86' lang='lat' dir='ltr'><strong>quid</strong></span> <span class='ocrx_word' id='word_1_92' title='bbox 1729 1420 1885 1485; x_wconf 87' lang='lat' dir='ltr'><strong>hoc:</strong></span> <span class='ocrx_word' id='word_1_93' title='bbox 1930 1422 2177 1497; x_wconf 80' lang='lat' dir='ltr'><strong>„enitar</strong></span> <span class='ocrx_word' id='word_1_94' title='bbox 2218 1420 2287 1483; x_wconf 71' lang='lat' dir='ltr'><strong>in</strong></span> <span class='ocrx_word' id='word_1_95' title='bbox 2324 1423 2579 1500; x_wconf 70' lang='lat' dir='ltr'><strong>imaqine</strong></span> <span class='ocrx_word' id='word_1_96' title='bbox 2624 1439 2779 1504; x_wconf 83' lang='lat' dir='ltr'><strong>qua—</strong></span> 
     </span>
     <span class='ocr_line' id='line_1_11' title="bbox 391 1521 2781 1613; baseline 0.001 -27"><span class='ocrx_word' id='word_1_97' title='bbox 391 1521 540 1587; x_wconf 88' lang='lat' dir='ltr'><strong>dam</strong></span> <span class='ocrx_word' id='word_1_98' title='bbox 587 1523 904 1597; x_wconf 78' lang='lat' dir='ltr'><strong>civitatis,</strong></span> <span class='ocrx_word' id='word_1_99' title='bbox 954 1529 1030 1588; x_wconf 91' lang='lat' dir='ltr'><strong>ut</strong></span> <span class='ocrx_word' id='word_1_100' title='bbox 1073 1525 1294 1591; x_wconf 76' lang='lat' dir='ltr'><strong>videar</strong></span> <span class='ocrx_word' id='word_1_101' title='bbox 1340 1523 1737 1613; x_wconf 77' lang='lat' dir='ltr'><strong>attingere”?</strong></span> <span class='ocrx_word' id='word_1_102' title='bbox 1806 1527 2149 1600; x_wconf 72' lang='lat' dir='ltr'><strong>ostendere,</strong></span> <span class='ocrx_word' id='word_1_103' title='bbox 2208 1526 2463 1610; x_wconf 89' lang='lat' dir='ltr'><strong>opinor,</strong></span> <span class='ocrx_word' id='word_1_104' title='bbox 2510 1526 2580 1590; x_wconf 86' lang='lat' dir='ltr'><strong>in</strong></span> <span class='ocrx_word' id='word_1_105' title='bbox 2619 1526 2781 1589; x_wconf 76' lang='lat' dir='ltr'><strong>ima·</strong></span> 
     </span>
     <span class='ocr_line' id='line_1_12' title="bbox 390 1629 2779 1716; baseline 0.001 -22"><span class='ocrx_word' id='word_1_106' title='bbox 390 1631 544 1716; x_wconf 79' lang='lat' dir='ltr'><strong>gine</strong></span> <span class='ocrx_word' id='word_1_107' title='bbox 598 1635 664 1694; x_wconf 88' lang='lat' dir='ltr'><strong>et</strong></span> <span class='ocrx_word' id='word_1_108' title='bbox 709 1629 938 1694; x_wconf 85' lang='lat' dir='ltr'><strong>umbra</strong></span> <span class='ocrx_word' id='word_1_109' title='bbox 983 1632 1268 1696; x_wconf 80' lang='lat' dir='ltr'><strong>civitatis</strong></span> <span class='ocrx_word' id='word_1_110' title='bbox 1285 1676 1302 1708; x_wconf 88' lang='lat'><em>,</em></span> <span class='ocrx_word' id='word_1_111' title='bbox 1351 1638 1465 1697; x_wconf 78' lang='lat' dir='ltr'><strong>aut</strong></span> <span class='ocrx_word' id='word_1_112' title='bbox 1501 1631 1841 1715; x_wconf 69' lang='lat' dir='ltr'><strong>perspicere</strong></span> <span class='ocrx_word' id='word_1_113' title='bbox 1886 1633 1951 1695; x_wconf 88' lang='lat' dir='ltr'><strong>in</strong></span> <span class='ocrx_word' id='word_1_114' title='bbox 2000 1651 2075 1697; x_wconf 85' lang='lat' dir='ltr'><strong>ea</strong></span> <span class='ocrx_word' id='word_1_115' title='bbox 2122 1630 2364 1716; x_wconf 86' lang='lat' dir='ltr'><strong>aliquid</strong></span> <span class='ocrx_word' id='word_1_116' title='bbox 2412 1630 2779 1696; x_wconf 86' lang='lat' dir='ltr'><strong>conabatur.</strong></span> 
     </span>
     <span class='ocr_line' id='line_1_13' title="bbox 392 1734 2779 1823; baseline 0 -24"><span class='ocrx_word' id='word_1_117' title='bbox 392 1734 730 1800; x_wconf 85' lang='lat' dir='ltr'><strong>Desidero:</strong></span> <span class='ocrx_word' id='word_1_118' title='bbox 797 1736 1192 1813; x_wconf 80' lang='lat' dir='ltr'><strong>„rationibus</strong></span> <span class='ocrx_word' id='word_1_119' title='bbox 1253 1737 1493 1802; x_wconf 87' lang='lat' dir='ltr'><strong>eisdem</strong></span> <span class='ocrx_word' id='word_1_120' title='bbox 1555 1742 1782 1815; x_wconf 70' lang='lat' dir='ltr'><strong>eadm,</strong></span> <span class='ocrx_word' id='word_1_121' title='bbox 1846 1758 2007 1823; x_wconf 85' lang='lat' dir='ltr'><strong>quae</strong></span> <span class='ocrx_word' id='word_1_122' title='bbox 2071 1737 2221 1815; x_wconf 87' lang='lat' dir='ltr'><strong>ille,</strong></span> <span class='ocrx_word' id='word_1_123' title='bbox 2286 1736 2501 1803; x_wconf 85' lang='lat' dir='ltr'><strong>videre</strong></span> <span class='ocrx_word' id='word_1_124' title='bbox 2563 1771 2648 1784; x_wconf 89' lang='lat'>-</span> <span class='ocrx_word' id='word_1_125' title='bbox 2710 1737 2779 1799; x_wconf 83' lang='lat' dir='ltr'><strong>in</strong></span> 
     </span>
     <span class='ocr_line' id='line_1_14' title="bbox 393 1839 2778 1927; baseline -0 -21"><span class='ocrx_word' id='word_1_126' title='bbox 393 1840 794 1925; x_wconf 86' lang='lat' dir='ltr'><strong>amplissima</strong></span> <span class='ocrx_word' id='word_1_127' title='bbox 841 1861 908 1906; x_wconf 91' lang='lat' dir='ltr'><strong>re</strong></span> <span class='ocrx_word' id='word_1_128' title='bbox 957 1842 1215 1927; x_wconf 85' lang='lat' dir='ltr'><strong>publica</strong></span> <span class='ocrx_word' id='word_1_129' title='bbox 1261 1842 1516 1921; x_wconf 38' lang='lat' dir='ltr'><strong>enitar&amp;</strong></span> <span class='ocrx_word' id='word_1_130' title='bbox 1554 1843 1693 1908; x_wconf 87' lang='lat' dir='ltr'><strong>rell.</strong></span> <span class='ocrx_word' id='word_1_131' title='bbox 1742 1843 1963 1908; x_wconf 72' lang='lat' dir='ltr'><strong>Enitar</strong></span> <span class='ocrx_word' id='word_1_132' title='bbox 1996 1864 2143 1908; x_wconf 89' lang='lat' dir='ltr'><strong>cum</strong></span> <span class='ocrx_word' id='word_1_133' title='bbox 2185 1841 2506 1907; x_wconf 81' lang='lat' dir='ltr'><strong>infinitivo</strong></span> <span class='ocrx_word' id='word_1_134' title='bbox 2543 1839 2778 1906; x_wconf 81' lang='lat' dir='ltr'><strong>Teren-</strong></span> 
     </span>
     <span class='ocr_line' id='line_1_15' title="bbox 391 1944 2780 2034; baseline 0.001 -24"><span class='ocrx_word' id='word_1_135' title='bbox 391 1947 524 2011; x_wconf 83' lang='lat' dir='ltr'><strong>tius</strong></span> <span class='ocrx_word' id='word_1_136' title='bbox 587 1947 807 2030; x_wconf 81' lang='lat' dir='ltr'><strong>(Andr.</strong></span> <span class='ocrx_word' id='word_1_137' title='bbox 876 1945 990 2012; x_wconf 92' lang='lat'>111.</span> <span class='ocrx_word' id='word_1_138' title='bbox 1055 1949 1117 2012; x_wconf 87' lang='lat'><strong>4.</strong></span> <span class='ocrx_word' id='word_1_139' title='bbox 1189 1949 1296 2034; x_wconf 90' lang='lat'>1¹7)</span> <span class='ocrx_word' id='word_1_140' title='bbox 1315 1997 1332 2026; x_wconf 89' lang='lat'><strong><em>,</em></strong></span> <span class='ocrx_word' id='word_1_141' title='bbox 1391 1947 1775 2025; x_wconf 75' lang='lat' dir='ltr'><strong>Sallustius,</strong></span> <span class='ocrx_word' id='word_1_142' title='bbox 1823 1947 1935 2013; x_wconf 87' lang='lat' dir='ltr'><strong>alii</strong></span> <span class='ocrx_word' id='word_1_143' title='bbox 1983 1948 2311 2025; x_wconf 86' lang='lat' dir='ltr'><strong>dixerunt;</strong></span> <span class='ocrx_word' id='word_1_144' title='bbox 2362 1951 2429 2012; x_wconf 89' lang='lat' dir='ltr'><strong>in</strong></span> <span class='ocrx_word' id='word_1_145' title='bbox 2479 1944 2780 2015; x_wconf 76' lang='lat' dir='ltr'><strong>Cicerone</strong></span> 
     </span>
     <span class='ocr_line' id='line_1_16' title="bbox 392 2051 2775 2137; baseline 0 -20"><span class='ocrx_word' id='word_1_146' title='bbox 392 2051 762 2137; x_wconf 84' lang='lat' dir='ltr'><strong>exemplum</strong></span> <span class='ocrx_word' id='word_1_147' title='bbox 822 2073 948 2120; x_wconf 87' lang='lat' dir='ltr'><strong>non</strong></span> <span class='ocrx_word' id='word_1_148' title='bbox 1009 2059 1258 2121; x_wconf 78' lang='lat' dir='ltr'><strong>exstare</strong></span> <span class='ocrx_word' id='word_1_149' title='bbox 1318 2055 1574 2122; x_wconf 78' lang='lat' dir='ltr'><strong>videtur</strong></span> <span class='ocrx_word' id='word_1_150' title='bbox 1590 2099 1609 2131; x_wconf 86' lang='lat'><strong><em>,</em></strong></span> <span class='ocrx_word' id='word_1_151' title='bbox 1671 2075 1787 2119; x_wconf 88' lang='lat' dir='ltr'><strong>nec</strong></span> <span class='ocrx_word' id='word_1_152' title='bbox 1850 2061 2067 2120; x_wconf 87' lang='lat' dir='ltr'><strong>tamen</strong></span> <span class='ocrx_word' id='word_1_153' title='bbox 2126 2053 2576 2120; x_wconf 83' lang='lat' dir='ltr'><strong>affirmaverim</strong></span> <span class='ocrx_word' id='word_1_154' title='bbox 2624 2074 2775 2119; x_wconf 88' lang='lat' dir='ltr'><strong>eum</strong></span> 
     </span>
     <span class='ocr_line' id='line_1_17' title="bbox 390 2156 2779 2247; baseline 0.002 -25"><span class='ocrx_word' id='word_1_155' title='bbox 390 2157 600 2222; x_wconf 83' lang='lat' dir='ltr'><strong>dicere</strong></span> <span class='ocrx_word' id='word_1_156' title='bbox 643 2177 767 2222; x_wconf 88' lang='lat' dir='ltr'><strong>non</strong></span> <span class='ocrx_word' id='word_1_157' title='bbox 811 2158 1112 2244; x_wconf 87' lang='lat' dir='ltr'><strong>potuisse.</strong></span> <span class='ocrx_word' id='word_1_158' title='bbox 1164 2156 1288 2225; x_wconf 81' lang='lat' dir='ltr'><strong>Sed</strong></span> <span class='ocrx_word' id='word_1_159' title='bbox 1334 2179 1458 2225; x_wconf 91' lang='lat' dir='ltr'><strong>non</strong></span> <span class='ocrx_word' id='word_1_160' title='bbox 1499 2161 1887 2244; x_wconf 80' lang='lat' dir='ltr'><strong>pertinacius</strong></span> <span class='ocrx_word' id='word_1_161' title='bbox 1924 2161 2225 2247; x_wconf 81' lang='lat' dir='ltr'><strong>pugnabo</strong></span> <span class='ocrx_word' id='word_1_162' title='bbox 2242 2207 2260 2244; x_wconf 89' lang='lat'>‚</span> <span class='ocrx_word' id='word_1_163' title='bbox 2300 2162 2601 2245; x_wconf 83' lang='lat' dir='ltr'><strong>quoniam</strong></span> <span class='ocrx_word' id='word_1_164' title='bbox 2641 2160 2779 2245; x_wconf 78' lang='lat' dir='ltr'><strong>ipse</strong></span> 
     </span>
     <span class='ocr_line' id='line_1_18' title="bbox 390 2262 2776 2350; baseline 0.001 -22"><span class='ocrx_word' id='word_1_165' title='bbox 390 2262 897 2328; x_wconf 79' lang='lat' dir='ltr'><strong>emendationem</strong></span> <span class='ocrx_word' id='word_1_166' title='bbox 947 2264 1253 2329; x_wconf 85' lang='lat' dir='ltr'><strong>incertam</strong></span> <span class='ocrx_word' id='word_1_167' title='bbox 1302 2264 1523 2330; x_wconf 85' lang='lat' dir='ltr'><strong>fateor.</strong></span> <span class='ocrx_word' id='word_1_168' title='bbox 1597 2263 1659 2330; x_wconf 87' lang='lat' dir='ltr'>N</span> <span class='ocrx_word' id='word_1_169' title='bbox 1661 2285 1732 2330; x_wconf 91' lang='lat' dir='ltr'><strong>ec</strong></span> <span class='ocrx_word' id='word_1_170' title='bbox 1780 2272 1996 2331; x_wconf 88' lang='lat' dir='ltr'><strong>tamen</strong></span> <span class='ocrx_word' id='word_1_171' title='bbox 2037 2271 2367 2350; x_wconf 74' lang='lat' dir='ltr'><strong>propterea</strong></span> <span class='ocrx_word' id='word_1_172' title='bbox 2404 2265 2620 2330; x_wconf 86' lang='lat' dir='ltr'><strong>locum</strong></span> <span class='ocrx_word' id='word_1_173' title='bbox 2644 2284 2776 2330; x_wconf 91' lang='lat' dir='ltr'><strong>cor-</strong></span> 
     </span>
     <span class='ocr_line' id='line_1_19' title="bbox 389 2370 2777 2455; baseline 0.002 -22"><span class='ocrx_word' id='word_1_174' title='bbox 389 2375 654 2454; x_wconf 87' lang='lat' dir='ltr'><strong>ruptum</strong></span> <span class='ocrx_word' id='word_1_175' title='bbox 699 2389 814 2454; x_wconf 83' lang='lat' dir='ltr'><strong>pro</strong></span> <span class='ocrx_word' id='word_1_176' title='bbox 859 2388 1012 2435; x_wconf 87' lang='lat' dir='ltr'><strong>sano</strong></span> <span class='ocrx_word' id='word_1_177' title='bbox 1060 2370 1400 2436; x_wconf 83' lang='lat' dir='ltr'><strong>venditabo</strong></span> <span class='ocrx_word' id='word_1_178' title='bbox 1418 2417 1435 2448; x_wconf 89' lang='lat'>‚</span> <span class='ocrx_word' id='word_1_179' title='bbox 1483 2375 1560 2434; x_wconf 89' lang='lat' dir='ltr'><strong>ut</strong></span> <span class='ocrx_word' id='word_1_180' title='bbox 1601 2372 1671 2434; x_wconf 92' lang='lat' dir='ltr'><strong>in</strong></span> <span class='ocrx_word' id='word_1_181' title='bbox 1717 2373 2030 2455; x_wconf 83' lang='lat' dir='ltr'><strong>proximis</strong></span> <span class='ocrx_word' id='word_1_182' title='bbox 2074 2371 2315 2436; x_wconf 78' lang='lat' dir='ltr'><strong>factum</strong></span> <span class='ocrx_word' id='word_1_183' title='bbox 2356 2371 2645 2438; x_wconf 82' lang='lat' dir='ltr'><strong>videtur:</strong></span> <span class='ocrx_word' id='word_1_184' title='bbox 2693 2373 2777 2437; x_wconf 89' lang='lat' dir='ltr'><strong>iis</strong></span> 
     </span>
     <span class='ocr_line' id='line_1_20' title="bbox 391 2475 2775 2562; baseline 0.001 -23"><span class='ocrx_word' id='word_1_185' title='bbox 391 2477 564 2540; x_wconf 88' lang='lat' dir='ltr'><strong>enim</strong></span> <span class='ocrx_word' id='word_1_186' title='bbox 627 2481 808 2556; x_wconf 70' lang='lat' dir='ltr'><strong>reyin&#39;e</strong></span> <span class='ocrx_word' id='word_1_187' title='bbox 868 2475 1292 2562; x_wconf 82' lang='lat' dir='ltr'><strong>quadraginta</strong></span> <span class='ocrx_word' id='word_1_188' title='bbox 1350 2478 1532 2541; x_wconf 85' lang='lat' dir='ltr'><strong>annis</strong></span> <span class='ocrx_word' id='word_1_189' title='bbox 1579 2481 1644 2540; x_wconf 91' lang='lat' dir='ltr'><strong>et</strong></span> <span class='ocrx_word' id='word_1_190' title='bbox 1687 2477 1977 2541; x_wconf 88' lang='lat' dir='ltr'><strong>ducentis</strong></span> <span class='ocrx_word' id='word_1_191' title='bbox 2010 2477 2200 2559; x_wconf 75' lang='lat' dir='ltr'><strong>paulo</strong></span> <span class='ocrx_word' id='word_1_192' title='bbox 2246 2499 2375 2540; x_wconf 74' lang='lat' dir='ltr'><strong>cvm</strong></span> <span class='ocrx_word' id='word_1_193' title='bbox 2420 2477 2775 2558; x_wconf 60' lang='lat' dir='ltr'><strong>inter-omnio</strong></span> 
     </span>
     <span class='ocr_line' id='line_1_21' title="bbox 377 2577 2773 2671; baseline 0.003 -26"><span class='ocrx_word' id='word_1_194' title='bbox 377 2582 523 2669; x_wconf 79' lang='lat' dir='ltr'><strong>sere</strong></span> <span class='ocrx_word' id='word_1_195' title='bbox 567 2582 846 2668; x_wconf 78' lang='lat' dir='ltr'><strong>amplius</strong></span> <span class='ocrx_word' id='word_1_196' title='bbox 885 2577 1300 2667; x_wconf 82' lang='lat' dir='ltr'><strong>praeteritis”,</strong></span> <span class='ocrx_word' id='word_1_197' title='bbox 1341 2586 1406 2647; x_wconf 89' lang='lat' dir='ltr'><strong>in</strong></span> <span class='ocrx_word' id='word_1_198' title='bbox 1449 2603 1574 2668; x_wconf 91' lang='lat' dir='ltr'><strong>quo</strong></span> <span class='ocrx_word' id='word_1_199' title='bbox 1613 2585 1990 2648; x_wconf 83' lang='lat' dir='ltr'><strong>recentiores</strong></span> <span class='ocrx_word' id='word_1_200' title='bbox 2032 2582 2303 2648; x_wconf 82' lang='lat' dir='ltr'><strong>editores</strong></span> <span class='ocrx_word' id='word_1_201' title='bbox 2345 2585 2773 2671; x_wconf 73' lang='lat' dir='ltr'><strong>eequiescunt.</strong></span> 
     </span>
     <span class='ocr_line' id='line_1_22' title="bbox 388 2686 2770 2776; baseline 0.001 -25"><span class='ocrx_word' id='word_1_202' title='bbox 388 2686 542 2751; x_wconf 73' lang='lat' dir='ltr'><strong>Fere</strong></span> <span class='ocrx_word' id='word_1_203' title='bbox 584 2688 678 2752; x_wconf 91' lang='lat' dir='ltr'><strong>ibi</strong></span> <span class='ocrx_word' id='word_1_204' title='bbox 725 2708 870 2753; x_wconf 88' lang='lat' dir='ltr'><strong>cum</strong></span> <span class='ocrx_word' id='word_1_205' title='bbox 922 2709 1092 2775; x_wconf 75' lang='lat' dir='ltr'><strong>vaga</strong></span> <span class='ocrx_word' id='word_1_206' title='bbox 1133 2692 1440 2776; x_wconf 88' lang='lat' dir='ltr'><strong>temporis</strong></span> <span class='ocrx_word' id='word_1_207' title='bbox 1476 2687 1940 2775; x_wconf 76' lang='lat' dir='ltr'><strong>significatione</strong></span> <span class='ocrx_word' id='word_1_208' title='bbox 1978 2691 2190 2755; x_wconf 90' lang='lat' dir='ltr'><strong>minus</strong></span> <span class='ocrx_word' id='word_1_209' title='bbox 2232 2694 2401 2755; x_wconf 84' lang='lat' dir='ltr'><strong>recte</strong></span> <span class='ocrx_word' id='word_1_210' title='bbox 2440 2690 2770 2776; x_wconf 76' lang='lat' dir='ltr'><strong>iungitur3</strong></span> 
     </span>
     <span class='ocr_line' id='line_1_23' title="bbox 379 2794 2773 2880; baseline 0.001 -24"><span class='ocrx_word' id='word_1_211' title='bbox 379 2794 569 2877; x_wconf 70' lang='lat' dir='ltr'><strong>paulo</strong></span> <span class='ocrx_word' id='word_1_212' title='bbox 629 2794 710 2859; x_wconf 86' lang='lat' dir='ltr'><strong>ab</strong></span> <span class='ocrx_word' id='word_1_213' title='bbox 772 2795 1029 2877; x_wconf 72' lang='lat' dir='ltr'><strong>amplius</strong></span> <span class='ocrx_word' id='word_1_214' title='bbox 1091 2794 1260 2861; x_wconf 83' lang='lat' dir='ltr'><strong>male</strong></span> <span class='ocrx_word' id='word_1_215' title='bbox 1324 2795 1688 2880; x_wconf 74' lang='lat' dir='ltr'><strong>divellitur-3</strong></span> <span class='ocrx_word' id='word_1_216' title='bbox 1757 2794 1944 2871; x_wconf 82' lang='lat' dir='ltr'><strong>facile</strong></span> <span class='ocrx_word' id='word_1_217' title='bbox 1989 2794 2245 2861; x_wconf 78' lang='lat' dir='ltr'><strong>dubites</strong></span> <span class='ocrx_word' id='word_1_218' title='bbox 2293 2802 2513 2861; x_wconf 88' lang='lat' dir='ltr'><strong>utrum</strong></span> <span class='ocrx_word' id='word_1_219' title='bbox 2548 2796 2773 2878; x_wconf 67' lang='lat' dir='ltr'><strong>paulo-</strong></span> 
     </span>
     <span class='ocr_line' id='line_1_24' title="bbox 389 2900 2775 2982; baseline 0.002 -21"><span class='ocrx_word' id='word_1_220' title='bbox 389 2900 646 2982; x_wconf 76' lang='lat' dir='ltr'><strong>amplius</strong></span> <span class='ocrx_word' id='word_1_221' title='bbox 692 2900 1203 2965; x_wconf 80' lang='lat' dir='ltr'><strong>additamentum</strong></span> <span class='ocrx_word' id='word_1_222' title='bbox 1250 2903 1380 2965; x_wconf 88' lang='lat' dir='ltr'><strong>siut</strong></span> <span class='ocrx_word' id='word_1_223' title='bbox 1419 2900 1588 2967; x_wconf 85' lang='lat' dir='ltr'><strong>male</strong></span> <span class='ocrx_word' id='word_1_224' title='bbox 1627 2900 1835 2966; x_wconf 86' lang='lat' dir='ltr'><strong>seduli</strong></span> <span class='ocrx_word' id='word_1_225' title='bbox 1874 2900 2129 2966; x_wconf 88' lang='lat' dir='ltr'><strong>lectoris</strong></span> <span class='ocrx_word' id='word_1_226' title='bbox 2146 2948 2163 2977; x_wconf 87' lang='lat'>,</span> <span class='ocrx_word' id='word_1_227' title='bbox 2204 2922 2284 2967; x_wconf 86' lang='lat' dir='ltr'><strong>an</strong></span> <span class='ocrx_word' id='word_1_228' title='bbox 2324 2903 2419 2967; x_wconf 83' lang='lat' dir='ltr'><strong>ita</strong></span> <span class='ocrx_word' id='word_1_229' title='bbox 2454 2900 2585 2966; x_wconf 84' lang='lat' dir='ltr'><strong>fere</strong></span> <span class='ocrx_word' id='word_1_230' title='bbox 2622 2904 2775 2966; x_wconf 90' lang='lat' dir='ltr'><strong>scri·</strong></span> 
     </span>
     <span class='ocr_line' id='line_1_25' title="bbox 389 3005 2770 3095; baseline 0 -24"><span class='ocrx_word' id='word_1_231' title='bbox 389 3007 538 3071; x_wconf 85' lang='lat' dir='ltr'><strong>bas:</strong></span> <span class='ocrx_word' id='word_1_232' title='bbox 585 3008 668 3071; x_wconf 87' lang='lat' dir='ltr'><strong>iis</strong></span> <span class='ocrx_word' id='word_1_233' title='bbox 717 3008 887 3071; x_wconf 91' lang='lat' dir='ltr'><strong>enim</strong></span> <span class='ocrx_word' id='word_1_234' title='bbox 927 3005 1124 3093; x_wconf 80' lang='lat' dir='ltr'><strong>regiis</strong></span> <span class='ocrx_word' id='word_1_235' title='bbox 1161 3007 1586 3095; x_wconf 82' lang='lat' dir='ltr'><strong>quadraginta</strong></span> <span class='ocrx_word' id='word_1_236' title='bbox 1623 3008 1807 3073; x_wconf 84' lang='lat' dir='ltr'><strong>annis</strong></span> <span class='ocrx_word' id='word_1_237' title='bbox 1840 3014 1906 3073; x_wconf 90' lang='lat' dir='ltr'><strong>et</strong></span> <span class='ocrx_word' id='word_1_238' title='bbox 1929 3006 2219 3072; x_wconf 81' lang='lat' dir='ltr'><strong>ducentis</strong></span> <span class='ocrx_word' id='word_1_239' title='bbox 2242 3006 2433 3092; x_wconf 86' lang='lat' dir='ltr'><strong>paulo</strong></span> <span class='ocrx_word' id='word_1_240' title='bbox 2456 3006 2737 3092; x_wconf 87' lang='lat' dir='ltr'><strong>amplius</strong></span> <span class='ocrx_word' id='word_1_241' title='bbox 2754 3053 2770 3085; x_wconf 89' lang='lat'><strong>,</strong></span> 
     </span>
     <span class='ocr_line' id='line_1_26' title="bbox 389 3114 2772 3202; baseline 0 -24"><span class='ocrx_word' id='word_1_242' title='bbox 389 3132 538 3178; x_wconf 87' lang='lat' dir='ltr'><strong>cum</strong></span> <span class='ocrx_word' id='word_1_243' title='bbox 597 3116 982 3201; x_wconf 81' lang='lat' dir='ltr'><strong>interregnis</strong></span> <span class='ocrx_word' id='word_1_244' title='bbox 1028 3114 1157 3179; x_wconf 82' lang='lat' dir='ltr'><strong>fere</strong></span> <span class='ocrx_word' id='word_1_245' title='bbox 1181 3114 1222 3155; x_wconf 71' lang='lat'><strong>¹*</strong></span> <span class='ocrx_word' id='word_1_246' title='bbox 1244 3114 1285 3155; x_wconf 71' lang='lat'><strong>¹*</strong></span> <span class='ocrx_word' id='word_1_247' title='bbox 1332 3114 1735 3199; x_wconf 86' lang='lat' dir='ltr'><strong>praeteritis”</strong></span> <span class='ocrx_word' id='word_1_248' title='bbox 1782 3119 1858 3179; x_wconf 87' lang='lat' dir='ltr'><strong>ut</strong></span> <span class='ocrx_word' id='word_1_249' title='bbox 1905 3134 2207 3180; x_wconf 88' lang='lat' dir='ltr'><strong>numerus</strong></span> <span class='ocrx_word' id='word_1_250' title='bbox 2264 3117 2772 3202; x_wconf 78' lang='lat' dir='ltr'><strong>inter-regnorum</strong></span> 
     </span>
     <span class='ocr_line' id='line_1_27' title="bbox 385 3218 2775 3305; baseline 0.002 -23"><span class='ocrx_word' id='word_1_251' title='bbox 385 3218 798 3284; x_wconf 82' lang='lat' dir='ltr'><strong>interciderit.</strong></span> <span class='ocrx_word' id='word_1_252' title='bbox 851 3218 1140 3285; x_wconf 82' lang='lat' dir='ltr'><strong>Alterum</strong></span> <span class='ocrx_word' id='word_1_253' title='bbox 1179 3219 1573 3305; x_wconf 76' lang='lat' dir='ltr'><strong>probabilius</strong></span> <span class='ocrx_word' id='word_1_254' title='bbox 1613 3220 1887 3286; x_wconf 85' lang='lat' dir='ltr'><strong>videtur.</strong></span> <span class='ocrx_word' id='word_1_255' title='bbox 1940 3222 2209 3304; x_wconf 70' lang='lat' dir='ltr'><strong>Amplius</strong></span> <span class='ocrx_word' id='word_1_256' title='bbox 2233 3223 2543 3287; x_wconf 88' lang='lat' dir='ltr'><strong>omissum</strong></span> <span class='ocrx_word' id='word_1_257' title='bbox 2569 3220 2775 3287; x_wconf 83' lang='lat' dir='ltr'><strong>alieno</strong></span> 
     </span>
     <span class='ocr_line' id='line_1_28' title="bbox 385 3324 1507 3411; baseline 0 -20"><span class='ocrx_word' id='word_1_258' title='bbox 385 3324 526 3391; x_wconf 87' lang='lat' dir='ltr'><strong>loco</strong></span> <span class='ocrx_word' id='word_1_259' title='bbox 571 3327 938 3411; x_wconf 82' lang='lat' dir='ltr'><strong>suppletum</strong></span> <span class='ocrx_word' id='word_1_260' title='bbox 987 3334 1118 3411; x_wconf 89' lang='lat' dir='ltr'><strong>est,</strong></span> <span class='ocrx_word' id='word_1_261' title='bbox 1165 3326 1244 3391; x_wconf 82' lang='lat' dir='ltr'><strong>cf.</strong></span> <span class='ocrx_word' id='word_1_262' title='bbox 1295 3326 1345 3391; x_wconf 93' lang='lat' dir='ltr'><strong>I.</strong></span> <span class='ocrx_word' id='word_1_263' title='bbox 1399 3324 1507 3391; x_wconf 84' lang='lat'><strong>63.</strong></span> 
     </span>
    </p>
   </div>
   <div class='ocr_carea' id='block_1_5' title="bbox 383 3535 2777 4576">
    <p class='ocr_par' dir='ltr' id='par_1_5' title="bbox 385 3535 2777 3943">
     <span class='ocr_line' id='line_1_29' title="bbox 482 3535 2774 3624; baseline -0.001 -21"><span class='ocrx_word' id='word_1_264' title='bbox 482 3538 588 3604; x_wconf 83' lang='lat'><strong>54.</strong></span> <span class='ocrx_word' id='word_1_265' title='bbox 664 3542 1034 3624; x_wconf 78' lang='lat' dir='ltr'><strong>„provocari</strong></span> <span class='ocrx_word' id='word_1_266' title='bbox 1095 3538 1288 3603; x_wconf 88' lang='lat' dir='ltr'><strong>licere</strong></span> <span class='ocrx_word' id='word_1_267' title='bbox 1332 3537 1619 3603; x_wconf 86' lang='lat' dir='ltr'><strong>indicant</strong></span> <span class='ocrx_word' id='word_1_268' title='bbox 1667 3538 1807 3603; x_wconf 87' lang='lat' dir='ltr'><strong>XII</strong></span> <span class='ocrx_word' id='word_1_269' title='bbox 1854 3538 2113 3605; x_wconf 81' lang='lat' dir='ltr'><strong>tabulae</strong></span> <span class='ocrx_word' id='word_1_270' title='bbox 2157 3538 2567 3624; x_wconf 82' lang='lat' dir='ltr'><strong>conpluribus</strong></span> <span class='ocrx_word' id='word_1_271' title='bbox 2612 3535 2774 3624; x_wconf 80' lang='lat' dir='ltr'><strong>legi·</strong></span> 
     </span>
     <span class='ocr_line' id='line_1_30' title="bbox 388 3643 2775 3730; baseline -0 -21"><span class='ocrx_word' id='word_1_272' title='bbox 388 3644 546 3722; x_wconf 83' lang='lat' dir='ltr'><strong>bus,</strong></span> <span class='ocrx_word' id='word_1_273' title='bbox 614 3653 680 3710; x_wconf 90' lang='lat' dir='ltr'><strong>et</strong></span> <span class='ocrx_word' id='word_1_274' title='bbox 737 3646 903 3730; x_wconf 89' lang='lat' dir='ltr'><strong>qnod</strong></span> <span class='ocrx_word' id='word_1_275' title='bbox 969 3644 1294 3730; x_wconf 86' lang='lat' dir='ltr'><strong>proditum</strong></span> <span class='ocrx_word' id='word_1_276' title='bbox 1363 3646 1710 3710; x_wconf 74' lang='lat' dir='ltr'><strong>memoriae</strong></span> <span class='ocrx_word' id='word_1_277' title='bbox 1772 3659 1867 3711; x_wconf 88' lang='lat' dir='ltr'><strong>est</strong></span> <span class='ocrx_word' id='word_1_278' title='bbox 1931 3646 2354 3721; x_wconf 81' lang='lat' dir='ltr'><strong>decemviros,</strong></span> <span class='ocrx_word' id='word_1_279' title='bbox 2419 3648 2531 3729; x_wconf 87' lang='lat' dir='ltr'><strong>qui</strong></span> <span class='ocrx_word' id='word_1_280' title='bbox 2597 3643 2775 3730; x_wconf 77' lang='lat' dir='ltr'><strong>leges</strong></span> 
     </span>
     <span class='ocr_line' id='line_1_31' title="bbox 387 3747 2777 3835; baseline -0.001 -20"><span class='ocrx_word' id='word_1_281' title='bbox 387 3752 749 3835; x_wconf 84' lang='lat' dir='ltr'><strong>scripserint</strong></span> <span class='ocrx_word' id='word_1_282' title='bbox 811 3753 948 3815; x_wconf 89' lang='lat' dir='ltr'><strong>sine</strong></span> <span class='ocrx_word' id='word_1_283' title='bbox 1007 3752 1452 3835; x_wconf 82' lang='lat' dir='ltr'><strong>provocatione</strong></span> <span class='ocrx_word' id='word_1_284' title='bbox 1513 3756 1789 3829; x_wconf 78' lang='lat' dir='ltr'><strong>creatos,</strong></span> <span class='ocrx_word' id='word_1_285' title='bbox 1862 3751 2018 3816; x_wconf 74' lang='lat' dir='ltr'><strong>satis</strong></span> <span class='ocrx_word' id='word_1_286' title='bbox 2087 3750 2434 3817; x_wconf 85' lang='lat' dir='ltr'><strong>ostenderit</strong></span> <span class='ocrx_word' id='word_1_287' title='bbox 2500 3747 2777 3831; x_wconf 87' lang='lat' dir='ltr'><strong>reliquos</strong></span> 
     </span>
     <span class='ocr_line' id='line_1_32' title="bbox 385 3854 1540 3943; baseline 0 -24"><span class='ocrx_word' id='word_1_288' title='bbox 385 3858 524 3920; x_wconf 88' lang='lat' dir='ltr'><strong>sine</strong></span> <span class='ocrx_word' id='word_1_289' title='bbox 567 3858 1010 3940; x_wconf 81' lang='lat' dir='ltr'><strong>provocatione</strong></span> <span class='ocrx_word' id='word_1_290' title='bbox 1067 3854 1540 3943; x_wconf 32' lang='lat' dir='ltr'><strong>magistratus&amp;</strong></span> 
     </span>
    </p>

    <p class='ocr_par' dir='ltr' id='par_1_6' title="bbox 383 3959 2775 4576">
     <span class='ocr_line' id='line_1_33' title="bbox 477 3959 2770 4045; baseline -0.001 -20"><span class='ocrx_word' id='word_1_291' title='bbox 477 3960 714 4027; x_wconf 85' lang='lat' dir='ltr'><strong>Haeret</strong></span> <span class='ocrx_word' id='word_1_292' title='bbox 778 3960 1096 4027; x_wconf 80' lang='lat' dir='ltr'><strong>Mullems</strong></span> <span class='ocrx_word' id='word_1_293' title='bbox 1165 3968 1234 4026; x_wconf 87' lang='lat' dir='ltr'><strong>in</strong></span> <span class='ocrx_word' id='word_1_294' title='bbox 1305 3964 1708 4029; x_wconf 84' lang='lat' dir='ltr'><strong>coniunctivo</strong></span> <span class='ocrx_word' id='word_1_295' title='bbox 1780 3964 2103 4027; x_wconf 67' lang='lat' dir='ltr'><strong>ostenderit</strong></span> <span class='ocrx_word' id='word_1_296' title='bbox 2166 3959 2263 4045; x_wconf 82' lang='lat' dir='ltr'><strong>(G.</strong></span> <span class='ocrx_word' id='word_1_297' title='bbox 2338 3959 2733 4044; x_wconf 65' lang='grc' dir='ltr'><strong>ωιρηᾱσήπι)</strong></span> <span class='ocrx_word' id='word_1_298' title='bbox 2754 4008 2770 4035; x_wconf 86' lang='grc'><em>,</em></span> 
     </span>
     <span class='ocr_line' id='line_1_34' title="bbox 387 4067 2775 4153; baseline -0.001 -21"><span class='ocrx_word' id='word_1_299' title='bbox 387 4086 500 4152; x_wconf 87' lang='lat' dir='ltr'><strong>pro</strong></span> <span class='ocrx_word' id='word_1_300' title='bbox 561 4088 686 4153; x_wconf 92' lang='lat' dir='ltr'><strong>quo</strong></span> <span class='ocrx_word' id='word_1_301' title='bbox 747 4070 1004 4133; x_wconf 87' lang='lat' dir='ltr'><strong>coniicit</strong></span> <span class='ocrx_word' id='word_1_302' title='bbox 1050 4068 1357 4132; x_wconf 57' lang='lat' dir='ltr'><strong>ostendere</strong></span> <span class='ocrx_word' id='word_1_303' title='bbox 1400 4068 1655 4132; x_wconf 66' lang='lat' dir='ltr'><strong>videtur.</strong></span> <span class='ocrx_word' id='word_1_304' title='bbox 1728 4068 1900 4134; x_wconf 82' lang='lat' dir='ltr'><strong>Mihi</strong></span> <span class='ocrx_word' id='word_1_305' title='bbox 1948 4088 2199 4153; x_wconf 85' lang='lat' dir='ltr'><strong>quoque</strong></span> <span class='ocrx_word' id='word_1_306' title='bbox 2246 4067 2435 4133; x_wconf 89' lang='lat' dir='ltr'><strong>lectio</strong></span> <span class='ocrx_word' id='word_1_307' title='bbox 2482 4070 2775 4150; x_wconf 86' lang='lat' dir='ltr'><strong>suspecta</strong></span> 
     </span>
     <span class='ocr_line' id='line_1_35' title="bbox 386 4170 2774 4261; baseline -0.001 -22"><span class='ocrx_word' id='word_1_308' title='bbox 386 4177 556 4249; x_wconf 87' lang='lat' dir='ltr'><strong>erat,</strong></span> <span class='ocrx_word' id='word_1_309' title='bbox 621 4173 1074 4258; x_wconf 84' lang='lat' dir='ltr'><strong>adscripseram</strong></span> <span class='ocrx_word' id='word_1_310' title='bbox 1129 4176 1198 4237; x_wconf 88' lang='lat' dir='ltr'><strong>in</strong></span> <span class='ocrx_word' id='word_1_311' title='bbox 1248 4176 1540 4261; x_wconf 76' lang='lat' dir='ltr'><strong>margine</strong></span> <span class='ocrx_word' id='word_1_312' title='bbox 1591 4180 1845 4239; x_wconf 72' lang='lat' dir='ltr'><strong>ostendit</strong></span> <span class='ocrx_word' id='word_1_313' title='bbox 1888 4176 1961 4237; x_wconf 69' lang='lat' dir='ltr'><strong>id</strong></span> <span class='ocrx_word' id='word_1_314' title='bbox 2001 4174 2105 4259; x_wconf 70' lang='lat' dir='ltr'><strong>(it)</strong></span> <span class='ocrx_word' id='word_1_315' title='bbox 2150 4194 2274 4239; x_wconf 85' lang='lat' dir='ltr'><strong>non</strong></span> <span class='ocrx_word' id='word_1_316' title='bbox 2321 4170 2553 4237; x_wconf 88' lang='lat' dir='ltr'><strong>inutile</strong></span> <span class='ocrx_word' id='word_1_317' title='bbox 2596 4176 2774 4237; x_wconf 85' lang='lat' dir='ltr'><strong>ratus</strong></span> 
     </span>
     <span class='ocr_line' id='line_1_36' title="bbox 383 4278 2769 4365; baseline 0 -23"><span class='ocrx_word' id='word_1_318' title='bbox 383 4278 662 4343; x_wconf 83' lang='lat' dir='ltr'><strong>fulcrum</strong></span> <span class='ocrx_word' id='word_1_319' title='bbox 723 4278 886 4343; x_wconf 86' lang='lat' dir='ltr'><strong>illud</strong></span> <span class='ocrx_word' id='word_1_320' title='bbox 945 4280 1052 4356; x_wconf 74' lang='lat' dir='ltr'><strong>id,</strong></span> <span class='ocrx_word' id='word_1_321' title='bbox 1117 4298 1246 4363; x_wconf 85' lang='lat' dir='ltr'><strong>quo</strong></span> <span class='ocrx_word' id='word_1_322' title='bbox 1306 4282 1544 4345; x_wconf 85' lang='lat' dir='ltr'><strong>certius</strong></span> <span class='ocrx_word' id='word_1_323' title='bbox 1604 4282 1765 4365; x_wconf 77' lang='lat' dir='ltr'><strong>quod</strong></span> <span class='ocrx_word' id='word_1_324' title='bbox 1812 4280 2121 4365; x_wconf 73' lang='lat' dir='ltr'><strong>proditum</strong></span> <span class='ocrx_word' id='word_1_325' title='bbox 2180 4281 2488 4344; x_wconf 74' lang='lat' dir='ltr'><strong>memoriae</strong></span> <span class='ocrx_word' id='word_1_326' title='bbox 2547 4288 2638 4343; x_wconf 71' lang='lat' dir='ltr'><strong>eet</strong></span> <span class='ocrx_word' id='word_1_327' title='bbox 2686 4314 2769 4329; x_wconf 89' lang='lat'><strong>--</strong></span> 
     </span>
     <span class='ocr_line' id='line_1_37' title="bbox 385 4383 2772 4473; baseline 0 -23"><span class='ocrx_word' id='word_1_328' title='bbox 385 4404 535 4450; x_wconf 88' lang='lat' dir='ltr'><strong>cum</strong></span> <span class='ocrx_word' id='word_1_329' title='bbox 597 4385 716 4450; x_wconf 84' lang='lat' dir='ltr'><strong>hac</strong></span> <span class='ocrx_word' id='word_1_330' title='bbox 777 4385 1034 4469; x_wconf 88' lang='lat' dir='ltr'><strong>periodo</strong></span> <span class='ocrx_word' id='word_1_331' title='bbox 1095 4384 1246 4469; x_wconf 84' lang='lat' dir='ltr'><strong>(non</strong></span> <span class='ocrx_word' id='word_1_332' title='bbox 1309 4404 1458 4452; x_wconf 89' lang='lat' dir='ltr'><strong>cum</strong></span> <span class='ocrx_word' id='word_1_333' title='bbox 1519 4386 1973 4472; x_wconf 83' lang='lat' dir='ltr'><strong>superioribus)</strong></span> <span class='ocrx_word' id='word_1_334' title='bbox 2018 4388 2343 4473; x_wconf 78' lang='lat' dir='ltr'><strong>iungatur.</strong></span> <span class='ocrx_word' id='word_1_335' title='bbox 2417 4383 2573 4451; x_wconf 86' lang='lat' dir='ltr'><strong>Post</strong></span> <span class='ocrx_word' id='word_1_336' title='bbox 2618 4386 2772 4467; x_wconf 63' lang='lat' dir='ltr'><strong>layca</strong></span> 
     </span>
     <span class='ocr_line' id='line_1_38' title="bbox 384 4488 1112 4576; baseline -0.001 -21"><span class='ocrx_word' id='word_1_337' title='bbox 384 4492 731 4576; x_wconf 84' lang='lat' dir='ltr'><strong>requiritur</strong></span> <span class='ocrx_word' id='word_1_338' title='bbox 749 4488 904 4556; x_wconf 81' lang='lat' dir='ltr'><strong>·fere</strong></span> <span class='ocrx_word' id='word_1_339' title='bbox 947 4490 1112 4554; x_wconf 65' lang='lat' dir='ltr'><strong>illae.</strong></span> 
     </span>
    </p>
   </div>
   <div class='ocr_carea' id='block_1_6' title="bbox 3398 3376 3403 3882">
    <p class='ocr_par' dir='ltr' id='par_1_7' title="bbox 3398 3376 3403 3882">
     <span class='ocr_line' id='line_1_39' title="bbox 3398 3376 3403 3882; baseline 0 0"><span class='ocrx_word' id='word_1_340' title='bbox 3398 3376 3403 3882; x_wconf 95' lang='lat' dir='ltr'><strong> </strong></span> 
     </span>
    </p>
   </div>
   <div class='ocr_carea' id='block_1_7' title="bbox 3394 4018 3398 4685">
    <p class='ocr_par' dir='ltr' id='par_1_8' title="bbox 3394 4018 3398 4685">
     <span class='ocr_line' id='line_1_40' title="bbox 3394 4018 3398 4685; baseline 0 0"><span class='ocrx_word' id='word_1_341' title='bbox 3394 4018 3398 4685; x_wconf 95' lang='lat' dir='ltr'><strong> </strong></span> 
     </span>
    </p>
   </div>
  </div>
 </body>
</html>
