3436 5161
755 331 887 403 398
1610 351 1885 400 rums
1930 351 2267 402 sosnrnus.

751 519 867 590 τὰς
916 520 1159 594 κτήσεις
1208 518 1330 590 ἐνὸς
1379 517 1855 595 ἀντηλλάξαντο
1901 517 2121 596 μέτρου
2168 527 2365 600 πυρῶν
2410 519 2525 597 μέν
2546 567 2562 598 ,
2610 521 2660 585 εἴ
2700 519 3123 598 πλουσιώτεροι

752 622 1125 703 τυγχάνοιεν
1169 622 1332 698 ὄντες
1351 673 1369 709 ,
1419 626 1472 689 οἱ
1519 625 1582 690 δὲ
1630 623 1929 705 πενέςεροι
1978 627 2175 704 κριθῆς
2190 673 2209 704 ,
2256 626 2365 692 sed
2412 626 2706 692 oblivisci
2742 627 3013 692 videtur
3032 628 3129 692 bo·

749 751 871 796 nus
930 731 975 796 J
977 731 1282 817 osephus,
1343 733 1664 798 neminem
1732 731 1851 798 hoc
1910 729 2057 818 plus
2108 731 2308 798 semel
2350 733 2553 798 facere
2596 736 2907 819 potuisse.
2984 733 3129 799 Post

749 842 962 902 tamen
1005 837 1319 926 legimus,
1369 836 1533 904 Bell.
1583 837 1649 903 J.
1699 837 1762 902 5.
1818 835 1921 903 13.
1974 836 2015 904 '7
2067 843 2174 902 τοῦ
2222 839 2392 904 σίτου
2440 837 2509 902 τὸ
2558 841 2774 919 μέτρον
2826 841 3125 918 πραθῆναι

748 943 1062 1009 ταλάντου
1127 949 1192 1010 et
1251 945 1484 1010 dixeris
1543 946 1761 1010 omnia
1816 945 1984 1008 facta
2042 943 2234 1030 paulo
2296 944 2543 1012 viliora.
2616 943 2745 1011 Sed
2808 949 3128 1012 saeviente

747 1051 914 1116 fame
959 1051 1254 1136 tandem,
1301 1051 1375 1116 Β.
1421 1048 1486 1118 J.
1535 1049 1596 1117 6.
1648 1049 1709 1115 3.
1759 1049 1800 1115 3
1861 1053 2054 1134 τροφὴ
2118 1045 2186 1124 ἦν
2248 1052 2351 1115 καὶ
2401 1053 2626 1132 χόρτου
2671 1050 2798 1116 τισὶ
2856 1055 3127 1116 παλαιοῦ

750 1156 1234 1238 σπαράγματα·
1297 1156 1417 1228 τοὶς
1475 1157 1602 1237 γὰρ
1659 1152 1795 1230 ἶνας
1860 1155 1993 1222 ἔνιοι
2040 1156 2445 1236 συλλέγοντες
2468 1205 2484 1236 ,
2534 1157 2837 1240 ἐλάχιςον
2898 1158 3127 1236 ςαθμόν

749 1263 1018 1329 ἐπώλουν
1075 1267 1374 1330 Ἀττικῶν
1433 1261 1765 1343 τεσσάρων.
1836 1261 2059 1350 Itaque
2104 1269 2385 1343 constat,
2432 1264 2599 1349 quod
2644 1267 2846 1330 etiam
2896 1263 3123 1351 absque

744 1370 1020 1457 Josepho
1063 1371 1244 1437 nullo
1287 1374 1544 1458 negotio
1589 1371 1773 1438 nobis
1816 1372 2336 1455 persuaderemus
2356 1417 2372 1448 ‚
2410 1373 2481 1435 in
2518 1371 2767 1436 obsessa
2810 1373 2975 1436 urbe
3000 1393 3125 1436 om-

743 1481 924 1543 nium
973 1500 1185 1544 rerum
1233 1498 1556 1544 summam
1603 1477 1797 1543 fuisse
1843 1479 2198 1542 caritatem.
2248 1465 2415 1557 Quid
2462 1482 2675 1543 tamen
2722 1477 3011 1565 legimus
3054 1478 3123 1545 Β.

744 1583 810 1651 J.
852 1586 913 1650 5.
959 1583 1064 1651 13.
1108 1583 1192 1650 4?
1239 1584 1399 1649 πολὺ
1447 1586 1675 1660 πλῆθος
1724 1585 1784 1647 ἐν
1831 1593 1909 1666 τῇ
1957 1583 2133 1648 πόλει
2180 1587 2445 1664 χρυσοῦ·
2496 1583 2729 1650 δώδεκα
2776 1591 2935 1662 γοῦν
2984 1587 3125 1650 Ἀτ-

744 1699 924 1758 τικῶν
967 1696 1214 1769 ὠνοῦντο
1261 1693 1347 1757 τὰ
1391 1690 1672 1771 πρότερον
1705 1690 2018 1770 ἶσχύοντα
2067 1689 2249 1756 πέντε
2298 1691 2403 1754 καὶ
2452 1691 2693 1756 εἴκοσιν.
2745 1690 2963 1771 Quam
3010 1695 3123 1757 mi·

745 1819 848 1864 ror
893 1819 1026 1864 esse
1069 1801 1181 1884 qui
1227 1799 1308 1865 ad
1355 1803 1487 1863 tam
1536 1797 1839 1863 absurdas
1884 1799 2273 1863 narrationes
2319 1799 2715 1863 conniveant.

836 1982 907 2048 Β.
957 1982 1023 2047 J.
1073 1981 1135 2047 6.
1187 1979 1250 2046 2.
1293 1980 1378 2046 10
1424 1987 1724 2067 provocat
1770 1983 1980 2047 nescio
2026 1984 2169 2067 quis
2212 1980 2499 2047 «Iudaeus
2534 1981 2859 2047 Romanos
2896 1981 2981 2048 ad
3004 2003 3125 2048 cer·

747 2093 962 2155 tamen
1009 2085 1369 2174 singular03
1418 2109 1606 2172 eques
1652 2093 1869 2178 autem
1914 2087 2241 2154 Romanus
2280 2087 2744 2166 βδελυξάμενος
2795 2091 2996 2154 αὐτοῦ
3042 2090 3119 2152 τά

745 2203 816 2260 τε
878 2197 1131 2276 ῥήματα
1194 2194 1300 2259 καὶ
1365 2193 1434 2258 τὸ
1498 2193 1798 2279 αὔθαδες,
1860 2195 2077 2268 εἰκὸς
2125 2196 2189 2259 δὲ
2235 2195 2339 2259 καὶ
2389 2194 2536 2274 πρὸς
2583 2198 2691 2270 τὴν
2738 2195 3118 2276 βραχύτητα

745 2305 851 2367 τοῦ
899 2301 1185 2378 σώματος
1233 2299 1419 2366 αὐτὸν
1466 2301 1792 2374 ἀσκέπτως
1840 2301 2210 2382 ἐπαρθῆναι,
2260 2301 2564 2383 προπηδᾷ.
2625 2301 2855 2368 Nonne
2900 2325 3117 2369 verum

745 2413 844 2474 est
887 2405 1277 2479 εἷκάσαςῖ
1316 2407 1479 2473 Bell.
1529 2407 1590 2472 6.
1638 2405 1702 2473 3.
1756 2407 1832 2472 1:
1880 2407 1949 2472 τὸ
1997 2405 2244 2487 μεταξὺ
2292 2411 2409 2472 τῶν
2454 2408 2635 2472 δοκῶν
2685 2409 2791 2473 καὶ
2840 2419 2957 2485 τῆς
3007 2411 3114 2474 ὑπ’

744 2516 941 2592 αὐτῆς
988 2517 1246 2597 ὀροφῆς.
1293 2513 1439 2602 lege
1485 2515 1600 2578 ἐπ’
1648 2515 1862 2589 αὐτῆς.
1912 2515 1987 2580 Β.
2027 2515 2091 2583 J.
2134 2513 2199 2580 6.
2243 2513 2304 2580 3.
2350 2515 2389 2578 5
2433 2535 2545 2603 pro
2584 2515 2672 2593 μὴ
2722 2519 3115 2583 παθοῦσιν

743 2622 1171 2709 reponendum
1233 2624 1322 2699 μὴ
1386 2620 1755 2687 πάθωσιν.
1830 2620 1905 2687 Β.
1953 2612 2017 2688 J.
2068 2620 2129 2688 6.
2182 2620 2242 2686 6.
2294 2622 2377 2687 2:
2449 2631 3112 2702 προσκαλοῦνται

742 2730 845 2795 τὸν
889 2728 1078 2793 Τίτον
1124 2730 1210 2799 εἰς
1257 2726 1520 2805 λόγους,
1573 2728 1808 2794 dicitur
1852 2728 1971 2794 hoc
2019 2734 2659 2811 προκαλοῦνται.
2706 2730 3005 2819 Denique
3050 2732 3110 2797 B.

741 2834 806 2903 J.
859 2834 920 2901 6.
970 2834 1034 2900 9.
1086 2832 1159 2901 3:
1210 2835 1427 2899 πολλοὶ
1476 2834 1540 2899 δὲ
1589 2824 1700 2899 καὶ
1744 2834 1883 2900 σὺν
1932 2834 2246 2899 εἴκοσιν
2286 2836 3109 2917 άθροίζονται,εοι·ἰὶ)οιιᾶυω

741 2944 862 3009 hoc
923 2946 1020 3009 est
1081 2941 1537 3007 συνείκοσιν
1608 2947 1674 3008 et
1734 2941 1882 3009 vide
1945 2942 2261 3027 quomodo
2323 2964 2513 3029 supra
2572 2944 3112 3011 emendaverimus

738 3052 955 3137 Antiq.
1007 3048 1112 3115 19.
1164 3048 1226 3115 7.
1277 3047 1341 3114 5.

829 3218 1068 3285 Scribit
1107 3216 1424 3301 Josephus
1468 3216 1542 3281 B.
1589 3216 1652 3281 J.
1707 3214 1769 3280 6.
1817 3216 1923 3281 10.
1968 3216 2002 3281 1
2056 3219 2199 3298 quis
2244 3216 2699 3305 Hierosolyma
2744 3218 3105 3285 condiderit.

739 3326 894 3391 Fuit
939 3324 1408 3391 Gananaeorum
1457 3344 1567 3388 rex
1609 3360 1690 3371 —
1732 3322 2171 3389 Melchisedek
2216 3326 2272 3389 is
2316 3325 2552 3391 dicitur
2592 3364 2675 3375 -
2709 3328 2821 3411 qui
2866 3330 3103 3411 primus

738 3432 963 3497 urbem
1011 3432 1396 3496 consecravit
1441 3429 1546 3494 καὶ
1596 3431 1664 3495 τὸ
1711 3428 1863 3508 ἱερὸν
1910 3437 2137 3509 πρῶτος
2182 3431 2547 3509 δειμάμενος
2574 3433 2969 3511 Ἱεροσόλυμα
3002 3436 3101 3506 τὴν

738 3536 915 3604 πόλιν
963 3535 1441 3617 προσηγόρευσε,
1506 3534 1772 3615 Σόλυμα
1819 3538 2203 3613 καλουμένην
2249 3536 2545 3618 πρότερον.
2614 3536 2837 3621 Itaque
2881 3559 3095 3605 verum

736 3651 831 3711 est
892 3644 1058 3730 quod
1111 3643 1360 3709 Jostius
1405 3643 1626 3708 scribit
1668 3646 1737 3707 in
1783 3643 1949 3710 libro
1995 3644 2073 3709 de
2116 3644 2383 3709 historia
2430 3644 2865 3710 Israelitarum
2904 3646 2937 3711 I
2985 3646 3061 3711 71
3082 3692 3097 3719 ,

735 3750 774 3817 J
780 3751 1088 3836 osephum
1134 3750 1331 3815 libros
1377 3770 1554 3834 suos,
1602 3756 1938 3835 postquam
1982 3752 2049 3814 in
2096 3750 2309 3816 lucem
2358 3751 2691 3828 edidisset,
2730 3758 2949 3837 postea
2984 3774 3096 3817 non

735 3858 1048 3945 relegisse.
1123 3856 1482 3923 Delevisset
1541 3862 1710 3923 certe
1756 3856 2143 3923 malesanam
2190 3856 2651 3944 etymologiam
2670 3904 2686 3935 ‚
2734 3878 2925 3944 quam
2973 3862 3096 3945 ipss

738 3965 971 4050 Apioni
1017 3964 1352 4049 exprobrat
1395 3964 1463 4028 in
1511 3969 1795 4030 extremo
1841 3964 2050 4048 primo
2076 3948 2282 4030 libro.

827 4146 1162 4213 Decimam
1221 4144 1538 4232 legionem
1591 4144 1777 4211 Titus
1824 4144 2022 4211 οὐκέτι
2070 4144 2185 4210 ὑπὸ
2233 4146 2336 4210 τὸν
2379 4144 2715 4227 Εὐφράτην
2764 4149 3089 4225 ἀπέτειλε,

735 4254 805 4319 Β.
855 4252 917 4317 J.
972 4250 1032 4318 7.
1085 4250 1144 4314 1.
1185 4248 1248 4317 3.
1317 4250 1494 4319 Malo
1539 4258 1755 4317 autem
1803 4252 1949 4317 ἐπί.
2004 4251 2236 4319 Itidem
2283 4252 2357 4318 B.
2404 4252 2470 4320 J.
2522 4253 2582 4321 7.
2622 4256 2681 4319 2.
2722 4255 2796 4321 22
2848 4259 3089 4335 Σίμωνα

735 4361 850 4437 μὲν
897 4358 1041 4422 ὑπὸ
1087 4364 1212 4429 τοῖς
1259 4356 1507 4435 μάλιςα
1555 4363 1797 4436 μισοῦσι
1836 4361 2151 4435 πολεμίοις
2190 4361 2467 4434 ἐποίησεν
2508 4362 2535 4425 δ
2574 4360 2703 4434 θεός
2744 4367 2899 4430 etin
2926 4364 3087 4431 Elea·

737 4467 898 4531 zaris
945 4464 1154 4530 verbis
1199 4463 1274 4529 B.
1312 4464 1376 4529 J.
1417 4462 1478 4530 7.
1519 4464 1581 4530 8.
1621 4464 1692 4530 6:
1752 4467 1923 4544 μετὰ
1970 4467 2246 4541 δουλείας
2295 4468 2563 4546 ἑλόμενοι
2611 4472 2909 4552 τιμωρίας
2956 4477 3087 4547 άνη·
