3436 5161
1493 421 1737 472 mosao.
2715 401 2802 467 53

509 587 986 654 Demonstravit
1061 587 1424 668 Vahlenus‚
1488 590 1771 656 Hermae
1840 589 1967 656 vol.
2032 589 2163 656 XV
2220 587 2455 676 (1880)
2524 611 2585 674 p.
2660 587 2793 655 266

419 694 605 760 zenii
659 693 1166 760 emendationem
1228 703 1519 760 auctorem
1581 699 1648 760 in
1717 696 1924 761 verbis
1970 697 2006 779 ξ
2057 693 2142 759 68
2197 703 2309 779 „ut
2356 698 2487 760 iam
2534 697 2615 760 ad
2662 717 2793 762 ser-

421 802 628 868 monis
687 800 820 864 mei
879 823 1087 865 morem
1149 801 1464 866 revertar”
1525 823 1650 868 non
1711 801 2013 868 sufficere.
2083 802 2253 868 Nam
2300 821 2425 866 non
2471 805 2685 866 minus
2729 805 2799 866 in

420 908 727 992 proximis
768 926 956 990 quam
997 908 1064 970 in
1108 908 1538 992 superioribus
1577 907 1798 973 Cicero
1837 907 2174 973 Platonem
2215 917 2539 972 auctorem
2572 908 2796 986 habet3

421 1012 499 1076 cf.
567 1011 754 1078 modo
820 1009 972 1080 563.
1059 1011 1114 1077 E
1171 1012 1338 1098 apud
1385 1012 1759 1078 Platonem:
1806 1013 2073 1092 ταύτόν,
2124 1010 2269 1094 ὅπερ
2318 1013 2379 1076 ἐν
2428 1023 2503 1094 τῇ
2550 1015 2800 1094 ὀλιγαρ-

421 1117 542 1198 χίᾳ
603 1117 844 1196 νόσημα
905 1117 1310 1195 ἐγγενόμενον
1371 1119 1692 1184 ἀπώλεσεν
1751 1120 1979 1202 αὐτήν,
2042 1124 2223 1184 τοῦτο
2295 1119 2399 1184 καὶ
2471 1120 2533 1183 ἐν
2600 1120 2800 1201 ταύτῃ

421 1222 606 1288 πλέον
665 1247 736 1290 τε
799 1223 903 1290 καὶ
967 1221 1352 1304 ἰσχυρότερον
1419 1227 1488 1290 ἐκ
1548 1234 1660 1299 τῆς
1720 1225 1996 1303 ἐξουσίας
2046 1223 2449 1304 ἐγγενόμενον
2496 1225 2803 1290 καταδου-

421 1333 640 1395 λοῦται
691 1329 1106 1410 δημοκρατίαν
1153 1352 1300 1395 cum
1351 1333 1656 1416 proximis
1702 1332 1871 1417 apud
1920 1328 2323 1397 Ciceronem:
2378 1352 2569 1409 „nam
2611 1337 2685 1395 ut
2724 1352 2801 1396 ex

420 1437 622 1500 nimia
683 1438 970 1522 potentia
1025 1438 1388 1523 principum
1435 1440 1639 1502 oritur
1683 1439 1981 1502 interitus
2029 1439 2422 1522 principum,
2489 1439 2580 1502 sic
2634 1437 2803 1502 hunc

419 1544 616 1606 nimis
661 1541 938 1606 liberum
982 1543 1292 1628 populum
1342 1542 1602 1608 libertas
1647 1546 1785 1628 ipsa
1833 1547 2143 1610 servitute
2188 1543 2449 1609 afficit”.
2500 1543 2685 1610 Plato
2712 1545 2804 1608 ibi

419 1650 676 1732 respicit
737 1646 816 1712 ad
879 1647 1378 1734 disputationem
1444 1650 1522 1714 de
1577 1653 1937 1735 principum
2006 1653 2271 1715 interitu
2352 1671 2413 1736 p.
2486 1650 2637 1716 555.
2712 1650 2798 1728 B,

423 1773 614 1838 quam
679 1751 900 1820 Cicero
959 1775 1084 1819 non
1149 1757 1481 1820 convertit.
1567 1754 1692 1821 Sed
1758 1756 1877 1820 hoc
1924 1756 2233 1841 quidquid
2280 1761 2416 1838 est,
2466 1755 2797 1821 Platonem

422 1859 486 1924 h.
513 1859 559 1924 1.
625 1861 954 1945 exprimit,
1024 1861 1314 1945 deinceps
1362 1863 1590 1927 etiam:
1661 1861 1793 1938 „sic
1840 1863 2055 1927 omnia
2100 1864 2339 1940 nimia,
2387 1882 2536 1926 cum
2584 1861 2690 1928 vel
2734 1865 2804 1926 in

421 1969 800 2050 tempestate
865 1965 966 2032 vel
1027 1969 1097 2031 in
1158 1969 1332 2054 agris
1400 1966 1499 2032 vel
1559 1970 1626 2032 in
1673 1966 2039 2052 corporibus
2083 1965 2349 2032 laetiora
2393 1967 2685 2046 fuerunt,
2732 1970 2801 2033 in

421 2073 734 2137 contraria
771 2071 897 2137 fere
936 2071 1447 2138 convertuntur”.
1496 2073 1720 2138 Plato:
1769 2073 1873 2136 καὶ
1924 2075 2007 2151 τῷ
2054 2071 2177 2137 ὄντι
2220 2074 2291 2138 τὸ
2330 2071 2504 2150 ἄγαν
2528 2095 2589 2136 τι
2612 2081 2805 2139 ποιεῖν

422 2177 715 2254 μεγάλην
775 2184 961 2257 Φιλεῖ
1019 2179 1105 2251 εἰς
1155 2180 1500 2244 τούναντίον
1545 2179 1911 2256 μεταβολὴν
1959 2177 2459 2256 ἀνταποδιδόναι,
2518 2180 2577 2243 ἐν
2625 2177 2799 2259 ὥραις

423 2283 858 2370 (tempestate)
903 2307 974 2350 τε
1021 2275 1130 2349 καὶ
1178 2289 1240 2349 ἐν
1287 2289 1507 2366 φυτοῖς
1553 2285 1659 2351 καὶ
1697 2285 1757 2348 ἐν
1800 2287 2097 2361 σώμασιν.
2162 2284 2348 2370 Apud
2392 2282 2802 2351 Ciceronem:

427 2391 792 2473 „nimiaque
835 2389 950 2456 illa
994 2389 1254 2456 libertas
1293 2393 1360 2455 in
1399 2392 1671 2456 nimiam
1713 2392 2093 2456 servitutem
2135 2390 2303 2455 cedit
2345 2389 2505 2476 (MS.
2534 2391 2805 2478 cadit)”;

423 2495 591 2579 apud
652 2493 986 2561 Platonem
1052 2494 1203 2559 564.
1273 2499 1362 2560 A:
1433 2499 1466 2571 ἦ
1531 2497 1658 2574 γὰρ
1724 2496 1896 2574 ἄγαν
1959 2497 2266 2576 ἐλευθερία
2333 2493 2515 2561 ἔοικεν
2561 2498 2669 2562 οὐκ
2718 2498 2805 2569 εἷς

422 2600 582 2666 ἄλλο
647 2624 708 2664 τι
770 2601 806 2676 ἢ
871 2602 958 2673 εἷς
1019 2600 1193 2679 ἄγαν
1250 2602 1528 2667 δουλείαν
1593 2602 2033 2679 μεταβάλλειν
2082 2603 2275 2682 (unde
2322 2610 2581 2688 apparet
2626 2601 2803 2681 ἄγαν

421 2710 568 2771 ante
626 2705 936 2784 δουλείαν,
1001 2709 1142 2773 iure
1204 2713 1607 2793 suspectum,
1671 2714 1886 2772 tamen
1946 2709 2079 2772 iam
2128 2728 2165 2773 a
2212 2705 2510 2774 Cicerone
2560 2707 2798 2773 lectum

422 2813 606 2892 esse).
691 2811 938 2875 Reverti
999 2814 1204 2899 igitur
1247 2812 1326 2876 ad
1373 2811 1706 2877 Platonem
1758 2834 1823 2877 se
1868 2810 2083 2897 Scipio
2131 2812 2335 2877 dicere
2382 2833 2505 2876 non
2552 2819 2803 2898 potest,

419 2915 656 2999 ubique
701 2919 990 3001 sequitur
1038 2939 1071 2982 e
1121 2919 1393 3005 vestigio
1433 2917 1805 2993 Platonem;
1850 2938 1964 2982 nec
2010 2917 2090 2981 ad
2137 2938 2347 2981 morem
2372 2937 2599 2982 suum:
2628 2918 2803 3002 quod

423 3022 596 3084 enim
663 3040 740 3085 ex
804 3042 921 3087 sua
980 3042 1245 3107 persona
1297 3021 1495 3109 vulgo
1540 3022 1871 3107 loquatur,
1921 3043 2045 3089 non
2092 3029 2189 3087 est
2227 3026 2436 3110 magis
2487 3043 2625 3107 mos
2673 3023 2808 3089 Sci-

423 3127 632 3210 pionis
692 3146 882 3211 quam
947 3130 1250 3195 cuiusvis.
1343 3126 1510 3195 Cum
1571 3134 1785 3195 tamen
1846 3129 2011 3195 nihil
2074 3127 2248 3194 aliud
2317 3132 2570 3195 intersit
2638 3132 2805 3195 inter

423 3234 634 3315 priora
695 3239 759 3298 et
818 3236 1195 3318 posteriora,
1258 3255 1452 3319 quam
1516 3236 1682 3319 quod
1745 3234 1859 3300 illa
1920 3236 2157 3300 directe
2178 3282 2193 3307 .
2240 3235 2428 3300 ’haec
2498 3234 2809 3301 indirecta

421 3342 702 3404 oratione
746 3343 910 3419 („ait
945 3340 1058 3406 ille
1097 3340 1445 3426 canister-8⁹¹),
1495 3344 1683 3406 initio
1723 3348 1921 3417 certe,
1974 3342 2409 3426 proferuntur,
2456 3343 2611 3408 haec
2634 3342 2810 3410 vide-

421 3448 527 3509 tur
573 3442 886 3511 sententia
930 3449 1203 3531 requiri:
1253 3453 1330 3511 ut
1375 3450 1534 3513 meis
1579 3468 1798 3512 rursus
1842 3448 2053 3512 verbis
2092 3453 2256 3513 utar.
2306 3447 2450 3513 Non
2493 3448 2635 3513 vult
2676 3451 2805 3513 iam

423 3550 716 3637 abrumpi
777 3552 1122 3617 identidem
1187 3554 1534 3619 orationem
1595 3553 1702 3618 sed
1757 3552 1929 3618 solus
1976 3554 2172 3618 verba
2214 3554 2453 3621 facere:
2508 3559 2625 3632 „ut
2673 3557 2805 3619 iam

423 3656 502 3720 ad
565 3660 876 3722 sermonis
938 3660 1066 3723 mei
1133 3664 1413 3723 tenorem
1478 3658 1825 3723 revertar”.
1906 3656 2114 3724 'Penor
2162 3664 2258 3723 est
2312 3672 2535 3724 cursus
2582 3680 2807 3743 perpe-

421 3762 608 3838 tuus,
664 3782 788 3827 non
837 3763 1162 3847 abruptus,
1240 3762 1424 3841 „Uno
1471 3764 1729 3829 tenore”
1776 3764 2067 3849 frequens
2114 3766 2279 3850 apud
2331 3764 2617 3829 Livium.
2672 3761 2807 3847 Cic.

423 3863 526 3930 Or.
590 3866 713 3931 21:
786 3870 1007 3953 „isque
1069 3889 1195 3934 uno
1243 3874 1492 3953 tenore,
1549 3878 1626 3933 ut
1672 3872 1889 3943 aiunt,
1940 3872 2006 3934 in
2062 3869 2326 3934 dicendo
2372 3868 2575 3934 fluit”.
2648 3868 2809 3934 Ver·
2916 3920 2922 3925 .

422 3970 616 4059 gilio,
666 3971 899 4038 Ovidio
919 4024 936 4049 ‚
988 3972 1453 4053 Quinctiliano‚
1501 3976 1646 4041 aliis
1687 3980 2065 4059 usurpatur:
2108 3974 2426 4063 significat
2454 3976 2641 4041 modo
2668 3996 2807 4060 per·

423 4081 804 4161 petuitatem
824 4129 842 4164 ‚
907 4080 1096 4145 modo
1152 4083 1605 4165 proprietatem
1624 4130 1641 4165 ,
1690 4101 1815 4166 quo
1862 4082 2052 4147 modo
2103 4080 2259 4148 alibi
2304 4082 2521 4168 signif.
2556 4082 2761 4163 fihom,

515 4290 621 4357 68.
687 4292 821 4357 Vix
881 4299 1050 4358 recte
1109 4292 1378 4357 dicitur:
1444 4295 1575 4370 „sic
1625 4298 1929 4377 tanquam
1978 4293 2176 4377 pilam
2228 4296 2483 4378 rapiunt
2529 4296 2699 4359 inter
2746 4315 2813 4360 se

421 4400 516 4463 rei
560 4397 857 4481 publicae
903 4404 1123 4462 statum
1173 4397 1426 4484 tyranni
1475 4399 1552 4463 ab
1601 4397 1913 4485 regibus”.
1980 4397 2122 4463 Non
2162 4404 2467 4483 tanquam
2507 4398 2804 4484 praedam

423 4504 763 4591 regiminis
825 4506 1098 4568 formam
1163 4503 1348 4569 alteri
1401 4502 1620 4569 alteris
1681 4505 1996 4590 eripiunt,
2063 4503 2171 4569 sed
2232 4505 2521 4592 regimen
2566 4508 2809 4591 ipsum.
