<?xml version="1.0" encoding="UTF-8"?>
<!DOCTYPE html PUBLIC "-//W3C//DTD XHTML 1.0 Transitional//EN"
    "http://www.w3.org/TR/xhtml1/DTD/xhtml1-transitional.dtd">
<html xmlns="http://www.w3.org/1999/xhtml" xml:lang="en" lang="en">
 <head>
  <title>
</title>
<meta http-equiv="Content-Type" content="text/html;charset=utf-8" />
  <meta name='ocr-system' content='tesseract 3.04.00' />
  <meta name='ocr-capabilities' content='ocr_page ocr_carea ocr_par ocr_line ocrx_word'/>
</head>
<body>
  <div class='ocr_page' id='page_1' title='image "./mnemosynevolume00verdgoog_0409.png"; bbox 0 0 3436 5161; ppageno 0'>
   <div class='ocr_carea' id='block_1_1' title="bbox 1291 378 2811 446">
    <p class='ocr_par' dir='ltr' id='par_1_1' title="bbox 1291 378 2811 446">
     <span class='ocr_line' id='line_1_1' title="bbox 1291 378 2811 446; baseline 0 -2"><span class='ocrx_word' id='word_1_1' title='bbox 1291 397 1569 446; x_wconf 68' lang='lat' dir='ltr'><strong>nume</strong></span> <span class='ocrx_word' id='word_1_2' title='bbox 1613 395 1949 446; x_wconf 71' lang='lat' dir='ltr'><strong>sosarnus.</strong></span> <span class='ocrx_word' id='word_1_3' title='bbox 2682 378 2811 444; x_wconf 85' lang='lat'><strong>385</strong></span> 
     </span>
    </p>
   </div>
   <div class='ocr_carea' id='block_1_2' title="bbox 419 557 2811 969">
    <p class='ocr_par' dir='ltr' id='par_1_2' title="bbox 419 557 2811 969">
     <span class='ocr_line' id='line_1_2' title="bbox 509 557 2811 650; baseline 0.001 -26"><span class='ocrx_word' id='word_1_4' title='bbox 509 557 707 625; x_wconf 86' lang='lat' dir='ltr'><strong>Venio</strong></span> <span class='ocrx_word' id='word_1_5' title='bbox 754 559 833 624; x_wconf 78' lang='lat' dir='ltr'><strong>ad</strong></span> <span class='ocrx_word' id='word_1_6' title='bbox 881 559 1104 648; x_wconf 80' lang='lat' dir='ltr'><strong>Antiq.</strong></span> <span class='ocrx_word' id='word_1_7' title='bbox 1157 561 1264 628; x_wconf 89' lang='lat'><strong>19.</strong></span> <span class='ocrx_word' id='word_1_8' title='bbox 1317 563 1374 628; x_wconf 92' lang='grc'><strong><em>1.</em></strong></span> <span class='ocrx_word' id='word_1_9' title='bbox 1423 563 1502 650; x_wconf 80' lang='lat'><strong>13</strong></span> <span class='ocrx_word' id='word_1_10' title='bbox 1547 563 1660 630; x_wconf 86' lang='lat' dir='ltr'><strong>ubi</strong></span> <span class='ocrx_word' id='word_1_11' title='bbox 1701 559 2001 650; x_wconf 73' lang='lat' dir='ltr'>Caligula</span> <span class='ocrx_word' id='word_1_12' title='bbox 2037 562 2147 634; x_wconf 68' lang='grc' dir='ltr'><strong><em>τὴν</em></strong></span> <span class='ocrx_word' id='word_1_13' title='bbox 2193 560 2426 638; x_wconf 88' lang='grc' dir='ltr'><strong><em>μανίαν</em></strong></span> <span class='ocrx_word' id='word_1_14' title='bbox 2466 561 2567 626; x_wconf 71' lang='grc' dir='ltr'><strong>διὰ</strong></span> <span class='ocrx_word' id='word_1_15' title='bbox 2604 561 2811 637; x_wconf 79' lang='grc' dir='ltr'><strong><em>πάσης</em></strong></span> 
     </span>
     <span class='ocr_line' id='line_1_3' title="bbox 421 659 2811 755; baseline 0.002 -24"><span class='ocrx_word' id='word_1_16' title='bbox 421 663 810 742; x_wconf 75' lang='grc' dir='ltr'><strong><em>ἐσομένην</em></strong></span> <span class='ocrx_word' id='word_1_17' title='bbox 870 675 992 744; x_wconf 66' lang='grc' dir='ltr'><strong>γῆς</strong></span> <span class='ocrx_word' id='word_1_18' title='bbox 1039 659 1150 733; x_wconf 67' lang='grc' dir='ltr'><strong>καὶ</strong></span> <span class='ocrx_word' id='word_1_19' title='bbox 1195 667 1514 744; x_wconf 76' lang='grc' dir='ltr'><strong><em>θαλάσσης</em></strong></span> <span class='ocrx_word' id='word_1_20' title='bbox 1565 667 1849 755; x_wconf 79' lang='grc' dir='ltr'><strong><em>ἔςελλεν,</em></strong></span> <span class='ocrx_word' id='word_1_21' title='bbox 1918 668 2028 733; x_wconf 83' lang='lat' dir='ltr'><strong>sed</strong></span> <span class='ocrx_word' id='word_1_22' title='bbox 2074 666 2308 733; x_wconf 86' lang='lat' dir='ltr'><strong>melius</strong></span> <span class='ocrx_word' id='word_1_23' title='bbox 2353 675 2522 733; x_wconf 79' lang='lat' dir='ltr'><strong>certe</strong></span> <span class='ocrx_word' id='word_1_24' title='bbox 2568 667 2811 735; x_wconf 84' lang='lat' dir='ltr'><strong>intelli-</strong></span> 
     </span>
     <span class='ocr_line' id='line_1_4' title="bbox 419 771 2809 862; baseline 0.001 -24"><span class='ocrx_word' id='word_1_25' title='bbox 419 793 673 860; x_wconf 83' lang='lat' dir='ltr'><strong>gerem:</strong></span> <span class='ocrx_word' id='word_1_26' title='bbox 723 771 1189 852; x_wconf 71' lang='grc' dir='ltr'><strong><em>ἐρχομένην.</em></strong></span> <span class='ocrx_word' id='word_1_27' title='bbox 1239 775 1476 841; x_wconf 79' lang='lat' dir='ltr'><strong>Statim</strong></span> <span class='ocrx_word' id='word_1_28' title='bbox 1527 781 1704 862; x_wconf 83' lang='lat' dir='ltr'><strong>post:</strong></span> <span class='ocrx_word' id='word_1_29' title='bbox 1756 775 1865 848; x_wconf 71' lang='grc' dir='ltr'><strong><em>την</em></strong></span> <span class='ocrx_word' id='word_1_30' title='bbox 1913 773 2208 852; x_wconf 73' lang='grc' dir='ltr'><strong><em>διάβασιν</em></strong></span> <span class='ocrx_word' id='word_1_31' title='bbox 2248 773 2432 840; x_wconf 72' lang='grc' dir='ltr'><strong><em>δεινὸν</em></strong></span> <span class='ocrx_word' id='word_1_32' title='bbox 2473 773 2809 854; x_wconf 75' lang='grc' dir='ltr'><strong><em>ἡγούμενος</em></strong></span> 
     </span>
     <span class='ocr_line' id='line_1_5' title="bbox 419 879 2309 969; baseline 0.001 -26"><span class='ocrx_word' id='word_1_33' title='bbox 419 879 635 959; x_wconf 74' lang='grc' dir='ltr'><strong><em>τριήρει</em></strong></span> <span class='ocrx_word' id='word_1_34' title='bbox 683 885 1125 961; x_wconf 78' lang='grc' dir='ltr'><strong><em>περατοῦν,</em></strong></span> <span class='ocrx_word' id='word_1_35' title='bbox 1176 889 1454 969; x_wconf 83' lang='lat' dir='ltr'><strong>praestet</strong></span> <span class='ocrx_word' id='word_1_36' title='bbox 1499 883 1625 949; x_wconf 88' lang='lat' dir='ltr'><strong>nisi</strong></span> <span class='ocrx_word' id='word_1_37' title='bbox 1673 879 1861 948; x_wconf 82' lang='lat' dir='ltr'><strong>fallor</strong></span> <span class='ocrx_word' id='word_1_38' title='bbox 1905 885 2309 963; x_wconf 82' lang='grc' dir='ltr'><strong><em>περαιοῦν.</em></strong></span> 
     </span>
    </p>
   </div>
   <div class='ocr_carea' id='block_1_3' title="bbox 413 1091 2812 2033">
    <p class='ocr_par' dir='ltr' id='par_1_3' title="bbox 413 1091 2812 2033">
     <span class='ocr_line' id='line_1_6' title="bbox 508 1091 2808 1182; baseline 0.001 -24"><span class='ocrx_word' id='word_1_39' title='bbox 508 1093 731 1180; x_wconf 81' lang='lat' dir='ltr'><strong>Antiq.</strong></span> <span class='ocrx_word' id='word_1_40' title='bbox 786 1093 891 1160; x_wconf 87' lang='lat'><strong>19.</strong></span> <span class='ocrx_word' id='word_1_41' title='bbox 945 1095 1002 1160; x_wconf 90' lang='lat'><strong>1.</strong></span> <span class='ocrx_word' id='word_1_42' title='bbox 1054 1095 1094 1160; x_wconf 88' lang='lat'><strong>5</strong></span> <span class='ocrx_word' id='word_1_43' title='bbox 1143 1091 1454 1163; x_wconf 87' lang='lat' dir='ltr'><strong>Chaereas</strong></span> <span class='ocrx_word' id='word_1_44' title='bbox 1473 1144 1489 1175; x_wconf 92' lang='lat'>,</span> <span class='ocrx_word' id='word_1_45' title='bbox 1539 1097 1650 1181; x_wconf 88' lang='lat' dir='ltr'><strong>qui</strong></span> <span class='ocrx_word' id='word_1_46' title='bbox 1699 1093 2067 1182; x_wconf 75' lang='lat' dir='ltr'><strong>Caligulam</strong></span> <span class='ocrx_word' id='word_1_47' title='bbox 2114 1094 2435 1161; x_wconf 77' lang='lat' dir='ltr'><strong>interfecit</strong></span> <span class='ocrx_word' id='word_1_48' title='bbox 2452 1142 2468 1170; x_wconf 88' lang='lat'><strong>,</strong></span> <span class='ocrx_word' id='word_1_49' title='bbox 2524 1094 2627 1160; x_wconf 74' lang='grc' dir='ltr'><strong><em>τὸν</em></strong></span> <span class='ocrx_word' id='word_1_50' title='bbox 2674 1120 2808 1160; x_wconf 85' lang='grc' dir='ltr'><strong><em>και-</em></strong></span> 
     </span>
     <span class='ocr_line' id='line_1_7' title="bbox 418 1197 2808 1286; baseline 0 -21"><span class='ocrx_word' id='word_1_51' title='bbox 418 1199 512 1279; x_wconf 75' lang='grc' dir='ltr'><strong>ρὸν</strong></span> <span class='ocrx_word' id='word_1_52' title='bbox 550 1199 928 1286; x_wconf 75' lang='grc' dir='ltr'><strong><em>ἐπισκοπῶν,</em></strong></span> <span class='ocrx_word' id='word_1_53' title='bbox 969 1197 1129 1274; x_wconf 74' lang='grc' dir='ltr'><strong><em>ὅπως</em></strong></span> <span class='ocrx_word' id='word_1_54' title='bbox 1169 1204 1259 1280; x_wconf 74' lang='grc' dir='ltr'><strong><em>μη</em></strong></span> <span class='ocrx_word' id='word_1_55' title='bbox 1301 1204 1385 1276; x_wconf 77' lang='grc' dir='ltr'><strong>εἷς</strong></span> <span class='ocrx_word' id='word_1_56' title='bbox 1425 1205 1593 1268; x_wconf 80' lang='grc' dir='ltr'><strong><em>κενὸν</em></strong></span> <span class='ocrx_word' id='word_1_57' title='bbox 1639 1203 1795 1267; x_wconf 87' lang='grc' dir='ltr'><strong><em>ἀλλ’</em></strong></span> <span class='ocrx_word' id='word_1_58' title='bbox 1842 1200 1943 1265; x_wconf 76' lang='grc' dir='ltr'><strong><em>ἐπὶ</em></strong></span> <span class='ocrx_word' id='word_1_59' title='bbox 1986 1197 2377 1279; x_wconf 77' lang='grc' dir='ltr'><strong><em>καταπράξει</em></strong></span> <span class='ocrx_word' id='word_1_60' title='bbox 2418 1206 2536 1265; x_wconf 82' lang='grc' dir='ltr'><strong><em>τῶν</em></strong></span> <span class='ocrx_word' id='word_1_61' title='bbox 2572 1202 2808 1280; x_wconf 84' lang='grc' dir='ltr'><strong><em>βεβου-</em></strong></span> 
     </span>
     <span class='ocr_line' id='line_1_8' title="bbox 416 1304 2811 1396; baseline 0.002 -27"><span class='ocrx_word' id='word_1_62' title='bbox 416 1305 720 1383; x_wconf 77' lang='grc' dir='ltr'><strong><em>λευμένων</em></strong></span> <span class='ocrx_word' id='word_1_63' title='bbox 741 1314 884 1379; x_wconf 84' lang='grc' dir='ltr'><strong><em>ταῖς</em></strong></span> <span class='ocrx_word' id='word_1_64' title='bbox 910 1307 1093 1389; x_wconf 82' lang='grc' dir='ltr'><strong><em>χερσί</em></strong></span> <span class='ocrx_word' id='word_1_65' title='bbox 1114 1309 1315 1390; x_wconf 75' lang='grc' dir='ltr'><strong><em>χρῷτο</em></strong></span> <span class='ocrx_word' id='word_1_66' title='bbox 1335 1356 1352 1386; x_wconf 93' lang='grc'><strong><em>,</em></strong></span> <span class='ocrx_word' id='word_1_67' title='bbox 1376 1308 1484 1373; x_wconf 78' lang='lat' dir='ltr'><strong>hie</strong></span> <span class='ocrx_word' id='word_1_68' title='bbox 1506 1309 1712 1396; x_wconf 81' lang='lat' dir='ltr'><strong>igitur</strong></span> <span class='ocrx_word' id='word_1_69' title='bbox 1735 1305 2046 1374; x_wconf 83' lang='lat' dir='ltr'><strong>Chaereas</strong></span> <span class='ocrx_word' id='word_1_70' title='bbox 2081 1306 2211 1387; x_wconf 70' lang='grc' dir='ltr'><strong>έςρ</strong></span> <span class='ocrx_word' id='word_1_71' title='bbox 2231 1330 2273 1369; x_wconf 98' lang='grc' dir='ltr'><strong><em>α</em></strong></span> <span class='ocrx_word' id='word_1_72' title='bbox 2292 1331 2374 1372; x_wconf 91' lang='grc' dir='ltr'><strong>τε</strong></span> <span class='ocrx_word' id='word_1_73' title='bbox 2395 1304 2575 1372; x_wconf 81' lang='grc' dir='ltr'><strong><em>ύετο</em></strong></span> <span class='ocrx_word' id='word_1_74' title='bbox 2615 1307 2811 1374; x_wconf 82' lang='grc' dir='ltr'><strong><em>πολὺν</em></strong></span> 
     </span>
     <span class='ocr_line' id='line_1_9' title="bbox 415 1410 2809 1501; baseline 0.001 -26"><span class='ocrx_word' id='word_1_75' title='bbox 415 1411 524 1489; x_wconf 73' lang='grc' dir='ltr'><strong>ἤδη</strong></span> <span class='ocrx_word' id='word_1_76' title='bbox 588 1410 830 1493; x_wconf 72' lang='grc' dir='ltr'><strong><em>χρόνον.</em></strong></span> <span class='ocrx_word' id='word_1_77' title='bbox 913 1413 1165 1479; x_wconf 74' lang='lat' dir='ltr'><strong>Fiet-ine</strong></span> <span class='ocrx_word' id='word_1_78' title='bbox 1233 1419 1446 1501; x_wconf 85' lang='lat' dir='ltr'><strong>potest</strong></span> <span class='ocrx_word' id='word_1_79' title='bbox 1519 1421 1596 1480; x_wconf 89' lang='lat' dir='ltr'><strong>ut</strong></span> <span class='ocrx_word' id='word_1_80' title='bbox 1667 1435 1856 1480; x_wconf 89' lang='lat' dir='ltr'><strong>nemo</strong></span> <span class='ocrx_word' id='word_1_81' title='bbox 1926 1413 2451 1480; x_wconf 85' lang='lat' dir='ltr'><strong>animadverterit</strong></span> <span class='ocrx_word' id='word_1_82' title='bbox 2521 1413 2711 1495; x_wconf 75' lang='grc' dir='ltr'><strong><em>ἐςρα</em></strong></span> <span class='ocrx_word' id='word_1_83' title='bbox 2730 1439 2809 1494; x_wconf 86' lang='grc' dir='ltr'><strong>γ-</strong></span> 
     </span>
     <span class='ocr_line' id='line_1_10' title="bbox 416 1516 2809 1604; baseline 0.003 -23"><span class='ocrx_word' id='word_1_84' title='bbox 416 1541 462 1595; x_wconf 91' lang='grc' dir='ltr'><strong><em>γ</em></strong></span> <span class='ocrx_word' id='word_1_85' title='bbox 481 1542 511 1582; x_wconf 82' lang='grc' dir='ltr'><strong>ε</strong></span> <span class='ocrx_word' id='word_1_86' title='bbox 530 1516 712 1582; x_wconf 82' lang='grc' dir='ltr'><strong><em>ύετο</em></strong></span> <span class='ocrx_word' id='word_1_87' title='bbox 755 1519 1185 1604; x_wconf 87' lang='lat' dir='ltr'><strong>reponendum</strong></span> <span class='ocrx_word' id='word_1_88' title='bbox 1235 1517 1411 1586; x_wconf 78' lang='lat' dir='ltr'><strong>esse?</strong></span> <span class='ocrx_word' id='word_1_89' title='bbox 1460 1520 1582 1586; x_wconf 84' lang='lat' dir='ltr'><strong>Sed</strong></span> <span class='ocrx_word' id='word_1_90' title='bbox 1631 1519 2045 1586; x_wconf 82' lang='lat' dir='ltr'><strong>Valckenarii</strong></span> <span class='ocrx_word' id='word_1_91' title='bbox 2091 1518 2693 1586; x_wconf 78' lang='lat' dir='ltr'><strong>Animadversiones</strong></span> <span class='ocrx_word' id='word_1_92' title='bbox 2728 1520 2809 1587; x_wconf 86' lang='lat' dir='ltr'><strong>ad</strong></span> 
     </span>
     <span class='ocr_line' id='line_1_11' title="bbox 414 1623 2808 1711; baseline 0.002 -24"><span class='ocrx_word' id='word_1_93' title='bbox 414 1623 842 1691; x_wconf 79' lang='lat' dir='ltr'><strong>Ammonium</strong></span> <span class='ocrx_word' id='word_1_94' title='bbox 905 1626 1296 1711; x_wconf 84' lang='lat' dir='ltr'><strong>frequentius</strong></span> <span class='ocrx_word' id='word_1_95' title='bbox 1339 1627 1604 1693; x_wconf 87' lang='lat' dir='ltr'><strong>fortasse</strong></span> <span class='ocrx_word' id='word_1_96' title='bbox 1651 1626 1843 1693; x_wconf 88' lang='lat' dir='ltr'><strong>hodie</strong></span> <span class='ocrx_word' id='word_1_97' title='bbox 1887 1625 2233 1691; x_wconf 73' lang='lat' dir='ltr'><strong>laudantur</strong></span> <span class='ocrx_word' id='word_1_98' title='bbox 2278 1647 2471 1710; x_wconf 88' lang='lat' dir='ltr'><strong>quam</strong></span> <span class='ocrx_word' id='word_1_99' title='bbox 2518 1625 2808 1692; x_wconf 80' lang='lat' dir='ltr'><strong>lectitan-</strong></span> 
     </span>
     <span class='ocr_line' id='line_1_12' title="bbox 413 1730 2812 1814; baseline 0.003 -20"><span class='ocrx_word' id='word_1_100' title='bbox 413 1733 539 1795; x_wconf 85' lang='lat' dir='ltr'><strong>tur.</strong></span> <span class='ocrx_word' id='word_1_101' title='bbox 590 1730 869 1798; x_wconf 83' lang='lat' dir='ltr'><strong>Evidens</strong></span> <span class='ocrx_word' id='word_1_102' title='bbox 914 1753 1016 1799; x_wconf 88' lang='lat' dir='ltr'><strong>res</strong></span> <span class='ocrx_word' id='word_1_103' title='bbox 1056 1740 1184 1812; x_wconf 86' lang='lat' dir='ltr'><strong>est,</strong></span> <span class='ocrx_word' id='word_1_104' title='bbox 1227 1737 1327 1800; x_wconf 88' lang='lat' dir='ltr'><strong>uti</strong></span> <span class='ocrx_word' id='word_1_105' title='bbox 1366 1735 1582 1802; x_wconf 81' lang='lat' dir='ltr'><strong>vides:</strong></span> <span class='ocrx_word' id='word_1_106' title='bbox 1623 1734 2043 1814; x_wconf 75' lang='grc' dir='ltr'><strong><em>έςραγγεύετο</em></strong></span> <span class='ocrx_word' id='word_1_107' title='bbox 2086 1730 2149 1798; x_wconf 71' lang='grc' dir='ltr'><strong>δὲ</strong></span> <span class='ocrx_word' id='word_1_108' title='bbox 2192 1733 2386 1797; x_wconf 83' lang='grc' dir='ltr'><strong><em>πολὺν</em></strong></span> <span class='ocrx_word' id='word_1_109' title='bbox 2424 1733 2535 1808; x_wconf 75' lang='grc' dir='ltr'><strong>ἤδη</strong></span> <span class='ocrx_word' id='word_1_110' title='bbox 2560 1732 2812 1814; x_wconf 80' lang='grc' dir='ltr'><strong><em>χρόνον,</em></strong></span> 
     </span>
     <span class='ocr_line' id='line_1_13' title="bbox 413 1836 2805 1923; baseline 0.002 -21"><span class='ocrx_word' id='word_1_111' title='bbox 413 1837 534 1919; x_wconf 77' lang='grc' dir='ltr'><strong>οὐχ</strong></span> <span class='ocrx_word' id='word_1_112' title='bbox 584 1836 758 1920; x_wconf 65' lang='grc' dir='ltr'><strong><em>ἡδονῇ</em></strong></span> <span class='ocrx_word' id='word_1_113' title='bbox 807 1839 1004 1921; x_wconf 82' lang='grc' dir='ltr'><strong><em>φέρων</em></strong></span> <span class='ocrx_word' id='word_1_114' title='bbox 1053 1841 1242 1907; x_wconf 89' lang='grc' dir='ltr'><strong><em>Γαίου</em></strong></span> <span class='ocrx_word' id='word_1_115' title='bbox 1289 1843 1398 1916; x_wconf 72' lang='grc' dir='ltr'><strong><em>την</em></strong></span> <span class='ocrx_word' id='word_1_116' title='bbox 1447 1838 1934 1923; x_wconf 76' lang='grc' dir='ltr'><strong><em>συναναςροφήν.</em></strong></span> <span class='ocrx_word' id='word_1_117' title='bbox 1983 1839 2227 1905; x_wconf 84' lang='lat' dir='ltr'><strong>Deinde</strong></span> <span class='ocrx_word' id='word_1_118' title='bbox 2264 1840 2507 1906; x_wconf 80' lang='lat' dir='ltr'><strong>tributa</strong></span> <span class='ocrx_word' id='word_1_119' title='bbox 2546 1838 2805 1906; x_wconf 82' lang='lat' dir='ltr'><strong>mollius</strong></span> 
     </span>
     <span class='ocr_line' id='line_1_14' title="bbox 413 1944 1743 2033; baseline 0.001 -24"><span class='ocrx_word' id='word_1_120' title='bbox 413 1945 663 2033; x_wconf 80' lang='lat' dir='ltr'><strong>exegit,</strong></span> <span class='ocrx_word' id='word_1_121' title='bbox 713 1967 875 2033; x_wconf 87' lang='lat' dir='ltr'><strong>quae</strong></span> <span class='ocrx_word' id='word_1_122' title='bbox 921 1967 1022 2013; x_wconf 81' lang='lat' dir='ltr'><strong>res</strong></span> <span class='ocrx_word' id='word_1_123' title='bbox 1068 1944 1222 2014; x_wconf 80' lang='lat' dir='ltr'><strong>Gaio</strong></span> <span class='ocrx_word' id='word_1_124' title='bbox 1269 1946 1466 2014; x_wconf 87' lang='lat' dir='ltr'><strong>bilem</strong></span> <span class='ocrx_word' id='word_1_125' title='bbox 1517 1949 1743 2014; x_wconf 83' lang='lat' dir='ltr'><strong>movit.</strong></span> 
     </span>
    </p>
   </div>
   <div class='ocr_carea' id='block_1_4' title="bbox 403 2157 2837 3622">
    <p class='ocr_par' dir='ltr' id='par_1_4' title="bbox 403 2157 2837 3622">
     <span class='ocr_line' id='line_1_15' title="bbox 501 2157 2801 2250; baseline -0 -25"><span class='ocrx_word' id='word_1_126' title='bbox 501 2159 866 2245; x_wconf 79' lang='lat' dir='ltr'><strong>Sequuntur</strong></span> <span class='ocrx_word' id='word_1_127' title='bbox 913 2160 1156 2227; x_wconf 87' lang='lat' dir='ltr'><strong>multae</strong></span> <span class='ocrx_word' id='word_1_128' title='bbox 1201 2161 1475 2250; x_wconf 80' lang='lat' dir='ltr'><strong>paginae</strong></span> <span class='ocrx_word' id='word_1_129' title='bbox 1520 2163 1588 2226; x_wconf 89' lang='lat' dir='ltr'><strong>in</strong></span> <span class='ocrx_word' id='word_1_130' title='bbox 1636 2161 1869 2247; x_wconf 88' lang='lat' dir='ltr'><strong>quibus</strong></span> <span class='ocrx_word' id='word_1_131' title='bbox 1914 2161 2026 2226; x_wconf 80' lang='lat' dir='ltr'><strong>vix</strong></span> <span class='ocrx_word' id='word_1_132' title='bbox 2072 2159 2421 2245; x_wconf 81' lang='lat' dir='ltr'><strong>quidquam</strong></span> <span class='ocrx_word' id='word_1_133' title='bbox 2466 2157 2765 2248; x_wconf 76' lang='lat' dir='ltr'><strong>intelligo</strong></span> <span class='ocrx_word' id='word_1_134' title='bbox 2783 2208 2801 2239; x_wconf 89' lang='lat'><strong>,</strong></span> 
     </span>
     <span class='ocr_line' id='line_1_16' title="bbox 413 2265 2797 2354; baseline 0 -23"><span class='ocrx_word' id='word_1_135' title='bbox 413 2265 570 2332; x_wconf 83' lang='lat' dir='ltr'><strong>adeo</strong></span> <span class='ocrx_word' id='word_1_136' title='bbox 629 2270 707 2331; x_wconf 90' lang='lat' dir='ltr'><strong>ut</strong></span> <span class='ocrx_word' id='word_1_137' title='bbox 768 2265 1068 2352; x_wconf 88' lang='lat' dir='ltr'><strong>pleraque</strong></span> <span class='ocrx_word' id='word_1_138' title='bbox 1129 2269 1425 2352; x_wconf 86' lang='lat' dir='ltr'><strong>quamvis</strong></span> <span class='ocrx_word' id='word_1_139' title='bbox 1487 2273 1785 2352; x_wconf 77' lang='lat' dir='ltr'><strong>corrupta</strong></span> <span class='ocrx_word' id='word_1_140' title='bbox 1851 2285 2043 2354; x_wconf 80' lang='lat' dir='ltr'><strong>cogar</strong></span> <span class='ocrx_word' id='word_1_141' title='bbox 2094 2268 2408 2331; x_wconf 87' lang='lat' dir='ltr'><strong>intentata</strong></span> <span class='ocrx_word' id='word_1_142' title='bbox 2455 2265 2797 2332; x_wconf 77' lang='lat' dir='ltr'><strong>dimittere.</strong></span> 
     </span>
     <span class='ocr_line' id='line_1_17' title="bbox 407 2369 2802 2458; baseline 0 -21"><span class='ocrx_word' id='word_1_143' title='bbox 407 2369 680 2458; x_wconf 77' lang='lat' dir='ltr'><strong>Reliqua</strong></span> <span class='ocrx_word' id='word_1_144' title='bbox 741 2372 1004 2438; x_wconf 87' lang='lat' dir='ltr'><strong>fortasse</strong></span> <span class='ocrx_word' id='word_1_145' title='bbox 1063 2375 1230 2438; x_wconf 87' lang='lat' dir='ltr'><strong>tanti</strong></span> <span class='ocrx_word' id='word_1_146' title='bbox 1291 2393 1416 2438; x_wconf 90' lang='lat' dir='ltr'><strong>non</strong></span> <span class='ocrx_word' id='word_1_147' title='bbox 1481 2377 1650 2439; x_wconf 87' lang='lat' dir='ltr'><strong>sunt.</strong></span> <span class='ocrx_word' id='word_1_148' title='bbox 1739 2370 1958 2437; x_wconf 87' lang='lat' dir='ltr'><strong>Veluti</strong></span> <span class='ocrx_word' id='word_1_149' title='bbox 2020 2369 2337 2437; x_wconf 76' lang='lat' dir='ltr'><strong>Chaereae</strong></span> <span class='ocrx_word' id='word_1_150' title='bbox 2389 2373 2585 2438; x_wconf 81' lang='lat' dir='ltr'><strong>verba</strong></span> <span class='ocrx_word' id='word_1_151' title='bbox 2652 2379 2802 2438; x_wconf 84' lang='lat' dir='ltr'><strong>sunt</strong></span> 
     </span>
     <span class='ocr_line' id='line_1_18' title="bbox 408 2474 2801 2564; baseline 0.001 -22"><span class='ocrx_word' id='word_1_152' title='bbox 408 2477 632 2564; x_wconf 78' lang='lat' dir='ltr'><strong>Antiq.</strong></span> <span class='ocrx_word' id='word_1_153' title='bbox 688 2477 791 2545; x_wconf 85' lang='lat'><strong>19.</strong></span> <span class='ocrx_word' id='word_1_154' title='bbox 836 2479 895 2543; x_wconf 87' lang='grc'><strong><em>1.</em></strong></span> <span class='ocrx_word' id='word_1_155' title='bbox 939 2478 1014 2545; x_wconf 85' lang='lat'><strong>9:</strong></span> <span class='ocrx_word' id='word_1_156' title='bbox 1064 2478 1169 2545; x_wconf 76' lang='grc' dir='ltr'><strong>καὶ</strong></span> <span class='ocrx_word' id='word_1_157' title='bbox 1217 2474 1280 2543; x_wconf 80' lang='grc' dir='ltr'><strong><em>ἓν</em></strong></span> <span class='ocrx_word' id='word_1_158' title='bbox 1324 2478 1438 2556; x_wconf 77' lang='grc' dir='ltr'><strong>μὲν</strong></span> <span class='ocrx_word' id='word_1_159' title='bbox 1485 2477 1851 2560; x_wconf 79' lang='grc' dir='ltr'><strong><em>ὑπέζωσμαι</em></strong></span> <span class='ocrx_word' id='word_1_160' title='bbox 1896 2475 2117 2560; x_wconf 77' lang='grc' dir='ltr'><strong><em>ξίφος,</em></strong></span> <span class='ocrx_word' id='word_1_161' title='bbox 2166 2478 2407 2559; x_wconf 78' lang='grc' dir='ltr'><strong><em>ἀμφοῖν</em></strong></span> <span class='ocrx_word' id='word_1_162' title='bbox 2455 2478 2507 2542; x_wconf 79' lang='grc' dir='ltr'><strong>δ’</strong></span> <span class='ocrx_word' id='word_1_163' title='bbox 2555 2477 2648 2544; x_wconf 70' lang='grc' dir='ltr'><strong><em>ἂν</em></strong></span> <span class='ocrx_word' id='word_1_164' title='bbox 2695 2481 2801 2563; x_wconf 88' lang='grc' dir='ltr'><strong><em>ἀρ-</em></strong></span> 
     </span>
     <span class='ocr_line' id='line_1_19' title="bbox 408 2584 2800 2670; baseline 0.002 -22"><span class='ocrx_word' id='word_1_165' title='bbox 408 2584 570 2649; x_wconf 89' lang='grc' dir='ltr'><strong><em>κέσει</em></strong></span> <span class='ocrx_word' id='word_1_166' title='bbox 591 2634 609 2670; x_wconf 91' lang='grc'><strong><em>,</em></strong></span> <span class='ocrx_word' id='word_1_167' title='bbox 651 2586 921 2652; x_wconf 83' lang='lat' dir='ltr'><strong>correxit</strong></span> <span class='ocrx_word' id='word_1_168' title='bbox 961 2586 1293 2651; x_wconf 85' lang='lat' dir='ltr'><strong>Bekkerus</strong></span> <span class='ocrx_word' id='word_1_169' title='bbox 1338 2586 1646 2665; x_wconf 73' lang='grc' dir='ltr'><strong><em>ἀρκέσειεν</em></strong></span> <span class='ocrx_word' id='word_1_170' title='bbox 1662 2635 1680 2670; x_wconf 90' lang='grc'><strong><em>,</em></strong></span> <span class='ocrx_word' id='word_1_171' title='bbox 1730 2585 1841 2651; x_wconf 90' lang='lat' dir='ltr'><strong>sed</strong></span> <span class='ocrx_word' id='word_1_172' title='bbox 1886 2585 2150 2650; x_wconf 85' lang='lat' dir='ltr'><strong>fortasse</strong></span> <span class='ocrx_word' id='word_1_173' title='bbox 2196 2588 2503 2669; x_wconf 88' lang='lat' dir='ltr'><strong>praestat:</strong></span> <span class='ocrx_word' id='word_1_174' title='bbox 2555 2587 2800 2667; x_wconf 83' lang='grc' dir='ltr'><strong><em>ἀμφοῖν</em></strong></span> 
     </span>
     <span class='ocr_line' id='line_1_20' title="bbox 408 2688 2800 2781; baseline 0.001 -26"><span class='ocrx_word' id='word_1_175' title='bbox 408 2690 461 2756; x_wconf 75' lang='grc' dir='ltr'><strong>δ’</strong></span> <span class='ocrx_word' id='word_1_176' title='bbox 507 2688 583 2755; x_wconf 82' lang='grc' dir='ltr'><strong><em>ἓν</em></strong></span> <span class='ocrx_word' id='word_1_177' title='bbox 633 2693 895 2774; x_wconf 88' lang='grc' dir='ltr'><strong><em>ἀρκέσει.</em></strong></span> <span class='ocrx_word' id='word_1_178' title='bbox 937 2692 1158 2777; x_wconf 78' lang='lat' dir='ltr'><strong>Antiq.</strong></span> <span class='ocrx_word' id='word_1_179' title='bbox 1205 2691 1306 2758; x_wconf 83' lang='lat'><strong>19.</strong></span> <span class='ocrx_word' id='word_1_180' title='bbox 1360 2692 1569 2771; x_wconf 89' lang='lat'>1.10‚</span> <span class='ocrx_word' id='word_1_181' title='bbox 1617 2691 1966 2781; x_wconf 74' lang='lat' dir='ltr'><strong>leg-endum</strong></span> <span class='ocrx_word' id='word_1_182' title='bbox 2014 2696 2111 2756; x_wconf 83' lang='lat' dir='ltr'><strong>est</strong></span> <span class='ocrx_word' id='word_1_183' title='bbox 2155 2692 2420 2772; x_wconf 79' lang='grc' dir='ltr'><strong><em>ἀφῖκτο,</em></strong></span> <span class='ocrx_word' id='word_1_184' title='bbox 2475 2712 2599 2757; x_wconf 86' lang='lat' dir='ltr'><strong>non</strong></span> <span class='ocrx_word' id='word_1_185' title='bbox 2644 2694 2800 2775; x_wconf 89' lang='grc' dir='ltr'><strong><em>ἀφί-</em></strong></span> 
     </span>
     <span class='ocr_line' id='line_1_21' title="bbox 405 2796 2797 2885; baseline 0.001 -21"><span class='ocrx_word' id='word_1_186' title='bbox 405 2820 566 2864; x_wconf 86' lang='grc' dir='ltr'><strong><em>κετο.</em></strong></span> <span class='ocrx_word' id='word_1_187' title='bbox 613 2798 836 2885; x_wconf 72' lang='lat' dir='ltr'><strong>Antiq.</strong></span> <span class='ocrx_word' id='word_1_188' title='bbox 883 2797 990 2865; x_wconf 88' lang='lat'><strong>19.</strong></span> <span class='ocrx_word' id='word_1_189' title='bbox 1035 2800 1094 2865; x_wconf 89' lang='lat' dir='ltr'><strong>l.</strong></span> <span class='ocrx_word' id='word_1_190' title='bbox 1145 2797 1262 2865; x_wconf 78' lang='lat'><strong>12:</strong></span> <span class='ocrx_word' id='word_1_191' title='bbox 1315 2799 1707 2882; x_wconf 74' lang='grc' dir='ltr'><strong><em>ἠνείχετο</em></strong></span> <span class='ocrx_word' id='word_1_192' title='bbox 1758 2798 1822 2864; x_wconf 74' lang='grc' dir='ltr'><strong>δὲ</strong></span> <span class='ocrx_word' id='word_1_193' title='bbox 1870 2796 2175 2879; x_wconf 78' lang='grc' dir='ltr'><strong><em>Χαιρέας,</em></strong></span> <span class='ocrx_word' id='word_1_194' title='bbox 2218 2797 2325 2863; x_wconf 85' lang='lat' dir='ltr'><strong>sed</strong></span> <span class='ocrx_word' id='word_1_195' title='bbox 2372 2818 2543 2863; x_wconf 81' lang='lat' dir='ltr'><strong>nunc</strong></span> <span class='ocrx_word' id='word_1_196' title='bbox 2588 2801 2797 2875; x_wconf 75' lang='grc' dir='ltr'><strong><em>ἠπεί-</em></strong></span> 
     </span>
     <span class='ocr_line' id='line_1_22' title="bbox 405 2902 2799 2991; baseline 0.001 -21"><span class='ocrx_word' id='word_1_197' title='bbox 405 2926 637 2984; x_wconf 88' lang='grc' dir='ltr'><strong><em>γετο,</em></strong></span> <span class='ocrx_word' id='word_1_198' title='bbox 699 2908 810 2989; x_wconf 88' lang='lat' dir='ltr'><strong>qui</strong></span> <span class='ocrx_word' id='word_1_199' title='bbox 869 2910 1058 2971; x_wconf 79' lang='lat' dir='ltr'><strong>antea</strong></span> <span class='ocrx_word' id='word_1_200' title='bbox 1116 2905 1561 2986; x_wconf 78' lang='grc' dir='ltr'><strong><em>έςραγγεύετο.</em></strong></span> <span class='ocrx_word' id='word_1_201' title='bbox 1611 2905 1831 2991; x_wconf 83' lang='lat' dir='ltr'><strong>Antiq.</strong></span> <span class='ocrx_word' id='word_1_202' title='bbox 1888 2902 1991 2969; x_wconf 87' lang='grc'><strong>19.</strong></span> <span class='ocrx_word' id='word_1_203' title='bbox 2048 2904 2107 2969; x_wconf 95' lang='grc'><strong><em>1.</em></strong></span> <span class='ocrx_word' id='word_1_204' title='bbox 2164 2904 2277 2969; x_wconf 86' lang='lat'><strong>14:</strong></span> <span class='ocrx_word' id='word_1_205' title='bbox 2325 2903 2689 2983; x_wconf 80' lang='grc' dir='ltr'><strong><em>βουλόμενοι</em></strong></span> <span class='ocrx_word' id='word_1_206' title='bbox 2737 2908 2799 2972; x_wconf 79' lang='grc' dir='ltr'><strong><em>ἔν</em></strong></span> 
     </span>
     <span class='ocr_line' id='line_1_23' title="bbox 407 3008 2796 3095; baseline 0.001 -20"><span class='ocrx_word' id='word_1_207' title='bbox 407 3010 628 3095; x_wconf 72' lang='grc' dir='ltr'><strong><em>ἐρημίᾳ</em></strong></span> <span class='ocrx_word' id='word_1_208' title='bbox 674 3017 790 3076; x_wconf 78' lang='grc' dir='ltr'><strong><em>τῶν</em></strong></span> <span class='ocrx_word' id='word_1_209' title='bbox 838 3012 1368 3089; x_wconf 68' lang='grc' dir='ltr'><strong><em>ἀμυνομένων</em></strong></span> <span class='ocrx_word' id='word_1_210' title='bbox 1421 3013 1899 3086; x_wconf 75' lang='grc' dir='ltr'><strong><em>καταςῆσαντες</em></strong></span> <span class='ocrx_word' id='word_1_211' title='bbox 1933 3012 2123 3076; x_wconf 77' lang='grc' dir='ltr'><strong><em>αὐτὸν</em></strong></span> <span class='ocrx_word' id='word_1_212' title='bbox 2156 3008 2465 3077; x_wconf 73' lang='grc' dir='ltr'><strong><em>ἅπτεσθαι</em></strong></span> <span class='ocrx_word' id='word_1_213' title='bbox 2493 3018 2601 3085; x_wconf 77' lang='grc' dir='ltr'><strong>τῆς</strong></span> <span class='ocrx_word' id='word_1_214' title='bbox 2627 3019 2796 3094; x_wconf 91' lang='grc' dir='ltr'><strong><em>σφα-</em></strong></span> 
     </span>
     <span class='ocr_line' id='line_1_24' title="bbox 407 3115 2795 3205; baseline 0.001 -22"><span class='ocrx_word' id='word_1_215' title='bbox 407 3125 571 3202; x_wconf 74' lang='grc' dir='ltr'><strong><em>γῆς,</em></strong></span> <span class='ocrx_word' id='word_1_216' title='bbox 618 3115 799 3205; x_wconf 80' lang='lat' dir='ltr'><strong>lege:</strong></span> <span class='ocrx_word' id='word_1_217' title='bbox 851 3119 1454 3195; x_wconf 80' lang='grc' dir='ltr'><strong><em>ἀμυνουμένων.</em></strong></span> <span class='ocrx_word' id='word_1_218' title='bbox 1503 3118 1727 3203; x_wconf 79' lang='lat' dir='ltr'><strong>Antiq.</strong></span> <span class='ocrx_word' id='word_1_219' title='bbox 1784 3116 1887 3183; x_wconf 86' lang='lat'><strong>19.</strong></span> <span class='ocrx_word' id='word_1_220' title='bbox 1942 3118 2001 3183; x_wconf 86' lang='lat'><strong>1.</strong></span> <span class='ocrx_word' id='word_1_221' title='bbox 2046 3115 2166 3196; x_wconf 83' lang='lat'><strong>15,</strong></span> <span class='ocrx_word' id='word_1_222' title='bbox 2216 3116 2527 3182; x_wconf 83' lang='lat' dir='ltr'><strong>Anteium</strong></span> <span class='ocrx_word' id='word_1_223' title='bbox 2577 3117 2795 3185; x_wconf 75' lang='grc' dir='ltr'><strong><em>κτείνει</em></strong></span> 
     </span>
     <span class='ocr_line' id='line_1_25' title="bbox 407 3222 2796 3312; baseline 0.002 -25"><span class='ocrx_word' id='word_1_224' title='bbox 407 3223 753 3306; x_wconf 79' lang='grc' dir='ltr'><strong><em>ςρατιῶτας</em></strong></span> <span class='ocrx_word' id='word_1_225' title='bbox 805 3222 1366 3305; x_wconf 73' lang='grc' dir='ltr'><strong><em>ἀποπέμψας,</em></strong></span> <span class='ocrx_word' id='word_1_226' title='bbox 1415 3223 1594 3312; x_wconf 79' lang='lat' dir='ltr'><strong>lege:</strong></span> <span class='ocrx_word' id='word_1_227' title='bbox 1644 3222 2165 3305; x_wconf 77' lang='grc' dir='ltr'><strong><em>ἐπιπέμψας.</em></strong></span> <span class='ocrx_word' id='word_1_228' title='bbox 2237 3222 2525 3309; x_wconf 81' lang='lat' dir='ltr'><strong>Denique</strong></span> <span class='ocrx_word' id='word_1_229' title='bbox 2572 3224 2796 3311; x_wconf 78' lang='lat' dir='ltr'><strong>Antiq.</strong></span> 
     </span>
     <span class='ocr_line' id='line_1_26' title="bbox 411 3326 2837 3412; baseline 0.001 -19"><span class='ocrx_word' id='word_1_230' title='bbox 411 3328 513 3393; x_wconf 88' lang='grc'><strong>19.</strong></span> <span class='ocrx_word' id='word_1_231' title='bbox 545 3330 604 3393; x_wconf 90' lang='lat' dir='ltr'><strong>l.</strong></span> <span class='ocrx_word' id='word_1_232' title='bbox 638 3327 758 3395; x_wconf 85' lang='lat'><strong>16:</strong></span> <span class='ocrx_word' id='word_1_233' title='bbox 801 3326 998 3409; x_wconf 81' lang='grc' dir='ltr'><strong><em>ἕτερος</em></strong></span> <span class='ocrx_word' id='word_1_234' title='bbox 1046 3330 1439 3411; x_wconf 75' lang='grc' dir='ltr'><strong><em>ἐπεφοιτήκει</em></strong></span> <span class='ocrx_word' id='word_1_235' title='bbox 1489 3328 1675 3409; x_wconf 80' lang='grc' dir='ltr'><strong><em>λόγος</em></strong></span> <span class='ocrx_word' id='word_1_236' title='bbox 1716 3328 2214 3406; x_wconf 78' lang='grc' dir='ltr'><strong><em>ὡμιληκέναι</em></strong></span> <span class='ocrx_word' id='word_1_237' title='bbox 2253 3328 2365 3406; x_wconf 79' lang='grc' dir='ltr'><strong>μὲν</strong></span> <span class='ocrx_word' id='word_1_238' title='bbox 2406 3327 2588 3394; x_wconf 78' lang='grc' dir='ltr'><strong><em>Γάἵον</em></strong></span> <span class='ocrx_word' id='word_1_239' title='bbox 2611 3330 2796 3412; x_wconf 85' lang='grc' dir='ltr'><strong><em>τραύ-</em></strong></span> <span class='ocrx_word' id='word_1_240' title='bbox 2829 3402 2837 3409; x_wconf 57' lang='lat'>‚</span> 
     </span>
     <span class='ocr_line' id='line_1_27' title="bbox 405 3436 2795 3522; baseline 0.002 -23"><span class='ocrx_word' id='word_1_241' title='bbox 405 3458 639 3513; x_wconf 84' lang='grc' dir='ltr'><strong><em>μασιν,</em></strong></span> <span class='ocrx_word' id='word_1_242' title='bbox 703 3437 768 3500; x_wconf 81' lang='grc' dir='ltr'><strong>οὐ</strong></span> <span class='ocrx_word' id='word_1_243' title='bbox 815 3436 937 3513; x_wconf 75' lang='grc' dir='ltr'><strong>μην</strong></span> <span class='ocrx_word' id='word_1_244' title='bbox 989 3437 1350 3516; x_wconf 76' lang='grc' dir='ltr'><strong><em>ἀποθανεῖν,</em></strong></span> <span class='ocrx_word' id='word_1_245' title='bbox 1398 3438 1682 3522; x_wconf 87' lang='lat' dir='ltr'><strong>primum</strong></span> <span class='ocrx_word' id='word_1_246' title='bbox 1731 3438 2121 3501; x_wconf 73' lang='lat' dir='ltr'><strong>conieceram</strong></span> <span class='ocrx_word' id='word_1_247' title='bbox 2167 3436 2636 3522; x_wconf 78' lang='grc' dir='ltr'><strong><em>ἱλιγγιακέναι,</em></strong></span> <span class='ocrx_word' id='word_1_248' title='bbox 2684 3438 2795 3503; x_wconf 82' lang='lat' dir='ltr'><strong>sed</strong></span> 
     </span>
     <span class='ocr_line' id='line_1_28' title="bbox 403 3540 1961 3622; baseline 0 -16"><span class='ocrx_word' id='word_1_249' title='bbox 403 3562 556 3607; x_wconf 84' lang='lat' dir='ltr'><strong>mox</strong></span> <span class='ocrx_word' id='word_1_250' title='bbox 600 3540 892 3607; x_wconf 84' lang='lat' dir='ltr'><strong>intellexi</strong></span> <span class='ocrx_word' id='word_1_251' title='bbox 938 3562 1164 3608; x_wconf 78' lang='lat' dir='ltr'><strong>verum</strong></span> <span class='ocrx_word' id='word_1_252' title='bbox 1212 3564 1346 3609; x_wconf 88' lang='lat' dir='ltr'><strong>esse</strong></span> <span class='ocrx_word' id='word_1_253' title='bbox 1391 3540 1961 3622; x_wconf 79' lang='grc' dir='ltr'><strong><em>ὦρακιακέναι.</em></strong></span> 
     </span>
    </p>
   </div>
   <div class='ocr_carea' id='block_1_5' title="bbox 399 3754 2792 4577">
    <p class='ocr_par' dir='ltr' id='par_1_5' title="bbox 399 3754 2792 4577">
     <span class='ocr_line' id='line_1_29' title="bbox 493 3754 2790 3847; baseline 0.002 -27"><span class='ocrx_word' id='word_1_254' title='bbox 493 3754 728 3822; x_wconf 81' lang='lat' dir='ltr'><strong>Praeoo</strong></span> <span class='ocrx_word' id='word_1_255' title='bbox 775 3757 1037 3841; x_wconf 88' lang='lat' dir='ltr'><strong>quidam</strong></span> <span class='ocrx_word' id='word_1_256' title='bbox 1083 3755 1326 3823; x_wconf 89' lang='lat' dir='ltr'><strong>Romae</strong></span> <span class='ocrx_word' id='word_1_257' title='bbox 1376 3757 1612 3822; x_wconf 85' lang='lat' dir='ltr'><strong>dieitur</strong></span> <span class='ocrx_word' id='word_1_258' title='bbox 1657 3755 1855 3821; x_wconf 86' lang='lat' dir='ltr'><strong>fuisse</strong></span> <span class='ocrx_word' id='word_1_259' title='bbox 1901 3754 2327 3821; x_wconf 78' lang='lat' dir='ltr'><strong>divitissimus</strong></span> <span class='ocrx_word' id='word_1_260' title='bbox 2346 3802 2363 3835; x_wconf 88' lang='lat'>,</span> <span class='ocrx_word' id='word_1_261' title='bbox 2409 3755 2634 3847; x_wconf 79' lang='lat' dir='ltr'><strong>Antiq.</strong></span> <span class='ocrx_word' id='word_1_262' title='bbox 2688 3757 2790 3825; x_wconf 84' lang='lat'><strong>19.</strong></span> 
     </span>
     <span class='ocr_line' id='line_1_30' title="bbox 411 3857 2791 3945; baseline 0.001 -18"><span class='ocrx_word' id='word_1_263' title='bbox 411 3864 466 3927; x_wconf 93' lang='lat'><strong>1.</strong></span> <span class='ocrx_word' id='word_1_264' title='bbox 522 3860 636 3939; x_wconf 88' lang='lat'><strong>18,</strong></span> <span class='ocrx_word' id='word_1_265' title='bbox 701 3860 962 3940; x_wconf 73' lang='grc' dir='ltr'><strong><em>δύναμίς</em></strong></span> <span class='ocrx_word' id='word_1_266' title='bbox 1023 3887 1095 3927; x_wconf 90' lang='grc' dir='ltr'><strong>τε</strong></span> <span class='ocrx_word' id='word_1_267' title='bbox 1159 3864 1330 3945; x_wconf 72' lang='grc' dir='ltr'><strong><em>αὐτῷ</em></strong></span> <span class='ocrx_word' id='word_1_268' title='bbox 1393 3860 1462 3937; x_wconf 71' lang='grc' dir='ltr'><strong><em>ἦν</em></strong></span> <span class='ocrx_word' id='word_1_269' title='bbox 1524 3862 1629 3943; x_wconf 80' lang='grc' dir='ltr'><strong>ἐφ’</strong></span> <span class='ocrx_word' id='word_1_270' title='bbox 1687 3857 1773 3932; x_wconf 70' lang='grc' dir='ltr'><strong>οἷς</strong></span> <span class='ocrx_word' id='word_1_271' title='bbox 1824 3862 2124 3937; x_wconf 74' lang='grc' dir='ltr'><strong><em>ἐθελήσειε</em></strong></span> <span class='ocrx_word' id='word_1_272' title='bbox 2175 3861 2568 3941; x_wconf 87' lang='grc' dir='ltr'><strong><em>πράσσειν</em></strong></span> <span class='ocrx_word' id='word_1_273' title='bbox 2619 3865 2791 3929; x_wconf 71' lang='grc' dir='ltr'><strong><em>κατὰ</em></strong></span> 
     </span>
     <span class='ocr_line' id='line_1_31' title="bbox 401 3965 2792 4056; baseline 0.003 -26"><span class='ocrx_word' id='word_1_274' title='bbox 401 3968 512 4042; x_wconf 67' lang='grc' dir='ltr'><strong><em>τὴν</em></strong></span> <span class='ocrx_word' id='word_1_275' title='bbox 561 3966 774 4048; x_wconf 81' lang='grc' dir='ltr'><strong><em>πόλιν,</em></strong></span> <span class='ocrx_word' id='word_1_276' title='bbox 825 3967 1220 4056; x_wconf 79' lang='lat' dir='ltr'><strong>intelligam:</strong></span> <span class='ocrx_word' id='word_1_277' title='bbox 1276 3967 1800 4049; x_wconf 72' lang='grc' dir='ltr'><strong><em>πιπράσκειν.</em></strong></span> <span class='ocrx_word' id='word_1_278' title='bbox 1851 3965 2201 4033; x_wconf 80' lang='lat' dir='ltr'><strong>Arruntius</strong></span> <span class='ocrx_word' id='word_1_279' title='bbox 2234 3970 2645 4055; x_wconf 69' lang='lat' dir='ltr'><strong>igitur-,nam</strong></span> <span class='ocrx_word' id='word_1_280' title='bbox 2671 3970 2792 4038; x_wconf 83' lang='lat' dir='ltr'><strong>hoe</strong></span> 
     </span>
     <span class='ocr_line' id='line_1_32' title="bbox 401 4071 2790 4161; baseline 0.003 -24"><span class='ocrx_word' id='word_1_281' title='bbox 401 4073 650 4139; x_wconf 89' lang='lat' dir='ltr'><strong>homini</strong></span> <span class='ocrx_word' id='word_1_282' title='bbox 695 4094 927 4141; x_wconf 90' lang='lat' dir='ltr'><strong>nomen</strong></span> <span class='ocrx_word' id='word_1_283' title='bbox 973 4078 1143 4159; x_wconf 87' lang='lat' dir='ltr'><strong>erat,</strong></span> <span class='ocrx_word' id='word_1_284' title='bbox 1189 4074 1483 4161; x_wconf 88' lang='lat' dir='ltr'><strong>prodiens</strong></span> <span class='ocrx_word' id='word_1_285' title='bbox 1530 4076 1598 4139; x_wconf 90' lang='lat' dir='ltr'><strong>in</strong></span> <span class='ocrx_word' id='word_1_286' title='bbox 1635 4074 1956 4139; x_wconf 86' lang='lat' dir='ltr'><strong>theatrum</strong></span> <span class='ocrx_word' id='word_1_287' title='bbox 1990 4071 2343 4159; x_wconf 79' lang='lat' dir='ltr'><strong>proclamat</strong></span> <span class='ocrx_word' id='word_1_288' title='bbox 2372 4095 2627 4141; x_wconf 82' lang='lat' dir='ltr'><strong>caesum</strong></span> <span class='ocrx_word' id='word_1_289' title='bbox 2652 4098 2790 4145; x_wconf 92' lang='lat' dir='ltr'><strong>esse</strong></span> 
     </span>
     <span class='ocr_line' id='line_1_33' title="bbox 399 4179 2789 4268; baseline 0.003 -26"><span class='ocrx_word' id='word_1_290' title='bbox 399 4180 783 4265; x_wconf 87' lang='lat' dir='ltr'><strong>prinoipem,</strong></span> <span class='ocrx_word' id='word_1_291' title='bbox 835 4201 959 4265; x_wconf 89' lang='lat' dir='ltr'><strong>quo</strong></span> <span class='ocrx_word' id='word_1_292' title='bbox 1005 4180 1172 4246; x_wconf 82' lang='lat' dir='ltr'><strong>facto</strong></span> <span class='ocrx_word' id='word_1_293' title='bbox 1221 4181 1478 4245; x_wconf 88' lang='lat' dir='ltr'><strong>sedatur</strong></span> <span class='ocrx_word' id='word_1_294' title='bbox 1525 4179 1848 4245; x_wconf 90' lang='lat' dir='ltr'><strong>tumultus</strong></span> <span class='ocrx_word' id='word_1_295' title='bbox 1895 4182 2005 4265; x_wconf 87' lang='lat' dir='ltr'><strong>qui</strong></span> <span class='ocrx_word' id='word_1_296' title='bbox 2052 4200 2343 4245; x_wconf 87' lang='lat' dir='ltr'><strong>summus</strong></span> <span class='ocrx_word' id='word_1_297' title='bbox 2390 4185 2553 4259; x_wconf 86' lang='lat' dir='ltr'><strong>erat,</strong></span> <span class='ocrx_word' id='word_1_298' title='bbox 2585 4202 2789 4268; x_wconf 89' lang='lat' dir='ltr'><strong>quum</strong></span> 
     </span>
     <span class='ocr_line' id='line_1_34' title="bbox 399 4286 2787 4371; baseline 0.003 -22"><span class='ocrx_word' id='word_1_299' title='bbox 399 4290 780 4369; x_wconf 84' lang='lat' dir='ltr'><strong>spectatores</strong></span> <span class='ocrx_word' id='word_1_300' title='bbox 833 4307 944 4371; x_wconf 88' lang='lat' dir='ltr'><strong>spe</strong></span> <span class='ocrx_word' id='word_1_301' title='bbox 1003 4308 1076 4352; x_wconf 83' lang='lat' dir='ltr'><strong>ao</strong></span> <span class='ocrx_word' id='word_1_302' title='bbox 1135 4292 1314 4351; x_wconf 89' lang='lat' dir='ltr'><strong>metu</strong></span> <span class='ocrx_word' id='word_1_303' title='bbox 1360 4286 1532 4352; x_wconf 84' lang='lat' dir='ltr'><strong>ultro</strong></span> <span class='ocrx_word' id='word_1_304' title='bbox 1579 4286 1862 4371; x_wconf 85' lang='lat' dir='ltr'><strong>citroque</strong></span> <span class='ocrx_word' id='word_1_305' title='bbox 1906 4288 2311 4353; x_wconf 82' lang='lat' dir='ltr'><strong>iactarentur.</strong></span> <span class='ocrx_word' id='word_1_306' title='bbox 2382 4286 2505 4353; x_wconf 77' lang='grc' dir='ltr'><strong><em>Καὶ</em></strong></span> <span class='ocrx_word' id='word_1_307' title='bbox 2550 4286 2787 4356; x_wconf 79' lang='grc' dir='ltr'><strong><em>ἔπαυσε</em></strong></span> 
     </span>
     <span class='ocr_line' id='line_1_35' title="bbox 399 4391 2787 4476; baseline 0.003 -21"><span class='ocrx_word' id='word_1_308' title='bbox 399 4392 542 4462; x_wconf 85' lang='grc' dir='ltr'><strong><em>τοὺς</em></strong></span> <span class='ocrx_word' id='word_1_309' title='bbox 599 4393 935 4471; x_wconf 76' lang='grc' dir='ltr'><strong><em>ἀνθρώπους</em></strong></span> <span class='ocrx_word' id='word_1_310' title='bbox 995 4393 1098 4457; x_wconf 76' lang='grc' dir='ltr'><strong><em>ἐπὶ</em></strong></span> <span class='ocrx_word' id='word_1_311' title='bbox 1160 4391 1348 4458; x_wconf 80' lang='grc' dir='ltr'><strong><em>πλέον</em></strong></span> <span class='ocrx_word' id='word_1_312' title='bbox 1394 4393 1622 4476; x_wconf 65' lang='grc' dir='ltr'><strong><em>ἀγνοίᾳ</em></strong></span> <span class='ocrx_word' id='word_1_313' title='bbox 1670 4393 2233 4473; x_wconf 77' lang='grc' dir='ltr'><strong><em>συμπεριφέρεσθαι</em></strong></span> <span class='ocrx_word' id='word_1_314' title='bbox 2281 4397 2387 4459; x_wconf 81' lang='grc' dir='ltr'><strong>τοῦ</strong></span> <span class='ocrx_word' id='word_1_315' title='bbox 2436 4394 2787 4472; x_wconf 73' lang='grc' dir='ltr'><strong><em>γεγονότος.</em></strong></span> 
     </span>
     <span class='ocr_line' id='line_1_36' title="bbox 401 4496 2782 4577; baseline 0.001 -15"><span class='ocrx_word' id='word_1_316' title='bbox 401 4496 644 4564; x_wconf 88' lang='lat' dir='ltr'><strong>Deinde</strong></span> <span class='ocrx_word' id='word_1_317' title='bbox 705 4518 772 4563; x_wconf 87' lang='lat' dir='ltr'><strong>se</strong></span> <span class='ocrx_word' id='word_1_318' title='bbox 835 4496 1184 4565; x_wconf 83' lang='lat' dir='ltr'><strong>Arruntius</strong></span> <span class='ocrx_word' id='word_1_319' title='bbox 1249 4499 1329 4565; x_wconf 89' lang='lat' dir='ltr'><strong>ad</strong></span> <span class='ocrx_word' id='word_1_320' title='bbox 1388 4499 1632 4565; x_wconf 87' lang='lat' dir='ltr'><strong>milites</strong></span> <span class='ocrx_word' id='word_1_321' title='bbox 1676 4502 2021 4567; x_wconf 78' lang='lat' dir='ltr'><strong>convertit:</strong></span> <span class='ocrx_word' id='word_1_322' title='bbox 2069 4499 2177 4575; x_wconf 76' lang='grc' dir='ltr'><strong>ἤδη</strong></span> <span class='ocrx_word' id='word_1_323' title='bbox 2228 4499 2291 4564; x_wconf 73' lang='grc' dir='ltr'><strong>δὲ</strong></span> <span class='ocrx_word' id='word_1_324' title='bbox 2337 4500 2469 4565; x_wconf 73' lang='grc' dir='ltr'><strong>καὶ</strong></span> <span class='ocrx_word' id='word_1_325' title='bbox 2519 4501 2782 4577; x_wconf 72' lang='grc' dir='ltr'><strong><em>ςῆλας</em></strong></span> 
     </span>
    </p>
   </div>
  </div>
 </body>
</html>
