3436 5161
791 379 922 446 412
1812 395 2129 446 nonnus.

877 562 1046 628 Setis
1107 572 1418 648 superque
1477 566 1608 628 iem
1672 563 2180 630 demonstratum
2242 569 2355 630 est.
2400 569 2475 628 ut
2520 582 2699 649 spero
2720 609 2737 640 ,
2784 559 2994 626 dualis
3036 581 3133 624 nu-

785 671 946 734 meri
990 669 1224 734 formas
1273 689 1405 734 esse
1449 665 1630 746 ἄμμε
1651 717 1667 747 ,
1720 668 1924 748 ὔμμε,
1974 677 2100 751 σφε
2120 719 2135 750 ,
2188 676 2252 736 et
2296 671 2467 736 locos
2492 668 2863 735 Homericos
2884 716 2901 744 ‚
2926 667 3137 754 quibus

785 775 863 841 de
925 773 1218 861 pluribus
1275 783 1662 862 usurpantur
1685 773 1739 861 1)
1758 823 1773 854 ,
1830 783 1942 842 eut
1990 796 2313 863 corruptos
2360 798 2493 844 esse
2541 783 2652 843 eut
2696 797 2835 842 sero
2881 781 3057 840 natos
3074 771 3135 856 ²).

783 882 1077 949 Transire
1120 884 1326 971 igitur
1369 881 1522 947 lieet
1567 882 1646 948 ad
1693 885 1825 966 νῶϊ,
1874 885 2041 964 σφῶΐ
2067 931 2083 958 ,
2133 883 2325 962 σφωε.

757 1034 762 1044 -
873 989 968 1054 Ex
1015 991 1118 1055 his
1163 993 1268 1054 νῶϊ
1309 995 1372 1053 et
1417 991 1485 1052 in
1529 991 1925 1054 nominativo
1973 995 2038 1054 et
2084 992 2150 1056 in
2198 992 2557 1056 accusativo
2598 989 2869 1072 dicitur,
2910 987 3027 1052 hoc
3063 989 3139 1050 ta-

781 1117 931 1162 men
975 1098 1198 1162 rarius.
1270 1093 1540 1182 Legitur
1583 1095 1737 1162 locis
1785 1094 1871 1160 48
1891 1144 1908 1174 ,
1957 1115 2113 1182 quos
2162 1097 2439 1162 indicare
2484 1095 2713 1162 inutile
2756 1095 3033 1161 videtur.
3076 1091 3138 1157 In

781 1201 884 1268 his
929 1209 1140 1268 tamen
1187 1207 1337 1266 sunt
1381 1201 1495 1265 ubi
1541 1201 1851 1288 praeferas
1896 1201 2077 1280 ἄμμε
2126 1203 2203 1287 (e.
2232 1225 2299 1289 g.
2351 1213 2403 1266 Θ
2448 1200 2613 1278 428,
2658 1221 2847 1284 quem
2897 1219 3135 1264 versum

781 1329 970 1393 supra
1012 1309 1414 1396 tetigimus)‚·
1443 1307 1552 1372 sed
1597 1309 1897 1392 quoniam
1940 1307 2375 1394 compluribus
2416 1307 2560 1372 aliis
2600 1305 2777 1371 nullo
2798 1312 2986 1392 pecto
3012 1307 3139 1370 sub·

777 1415 962 1480 stitui
1023 1419 1230 1500 potest
1289 1411 1502 1492 ἄμμε,
1569 1434 1692 1478 non
1755 1413 2179 1480 dubitandum
2231 1423 2327 1480 est
2375 1417 2527 1500 quin
2572 1414 2766 1499 probe
2812 1411 3141 1478 Homerica

779 1523 866 1586 sit
911 1521 1114 1586 forma
1159 1521 1279 1586 νῶϊ.

869 1625 1135 1692 Prorsus
1196 1625 1366 1691 idem
1413 1625 1492 1692 de
1537 1629 1707 1706 σφῶϊ
1749 1626 1995 1693 dictum
2045 1631 2181 1692 esto
2199 1674 2215 1704 ‚
2265 1629 2401 1718 nisi·
2436 1625 2601 1710 quod
2644 1626 2801 1690 haec
2849 1645 2979 1690 vox
3020 1643 3137 1688 sse-

779 1734 926 1818 pius
981 1735 1050 1796 in
1109 1733 1470 1798 accusativo
1531 1753 1723 1818 quam
1790 1735 1857 1798 in
1902 1736 2298 1799 nominativo
2346 1733 2681 1798 adhibetur
2697 1781 2714 1816 ,
2764 1731 2937 1816 quod
2986 1750 3143 1796 mero

781 1845 992 1905 temen
1042 1840 1217 1905 casui
1261 1838 1673 1903 tribuendum
1724 1859 1858 1905 esse
1904 1847 2095 1925 patet.
2170 1839 2441 1926 Legitur
2484 1837 2639 1904 locis
2692 1839 2796 1902 11.

870 1944 1154 2012 Tertiam
1201 1965 1346 2010 vero
1392 1943 1662 2009 formam
1711 1945 1885 2029 σφωέ
1933 1947 2097 2011 mihi
2145 1951 2499 2031 suspectam
2548 1965 2681 2010 esse
2726 1945 2934 2012 fateor
2947 1995 2965 2031 ,
3012 1947 3145 2031 quis

779 2055 844 2116 et
888 2052 1208 2116 rarissime
1252 2052 1526 2116 occurrit
1570 2058 1635 2114 et
1679 2050 1837 2117 locis
1883 2055 2009 2119 fere
2056 2054 2367 2137 corruptis
2413 2056 2527 2116 aut
2572 2053 2971 2116 recentibus:

869 2169 920 2224 A
967 2155 1046 2222 8:
1200 2157 1296 2229 τίς
1341 2157 1400 2219 τ’
1445 2154 1524 2236 ἄρ
1570 2161 1744 2238 σφωε
1790 2157 2111 2244 (Zenodot.
2159 2158 2349 2244 σφῶι)
2396 2159 2537 2222 θεῶν
2578 2155 2713 2238 ἔριδι
2758 2155 3014 2234 ξυνέηκε
3038 2155 3139 2234 μᾶ-

1292 2265 1542 2344 xmae.

871 2381 922 2436 Κ
973 2369 1137 2437 546:
1206 2369 1239 2446 ἤ
1288 2371 1382 2442 τίς
1431 2375 1604 2450 σφωε
1655 2369 1979 2457 (Zenodot.
2024 2371 2216 2458 σφῶι)
2280 2369 2477 2446 ’πόρεν
2532 2371 2657 2443 θεὸς
2706 2372 3139 2449 ἀντιβολήσας.

1296 2475 1502 2541 Verba
1545 2477 1700 2541 heec
1747 2496 1871 2541 non
1918 2497 2071 2542 sana
2117 2499 2253 2543 esee
2298 2476 2643 2542 verisimile
2688 2475 2762 2541 fit
2808 2480 2866 2542 si
2906 2484 3140 2544 contex-

1295 2590 1440 2649 tum
1499 2584 1905 2667 inspicimus3
1972 2604 2084 2669 pro
2146 2584 2371 2650 vocula
2418 2588 2591 2649 enim
2636 2594 2810 2660 σφωε
2862 2592 3141 2669 expecta-

1296 2692 1465 2757 veris
1509 2690 1803 2755 dativum
1821 2737 1837 2767 ‚
1886 2700 1953 2755 et
1996 2691 2274 2776 pedestri
2320 2710 2606 2756 sermone
2651 2690 2997 2757 dicendum
3020 2694 3139 2755 erat

1295 2797 1332 2873 ἢ
1396 2794 1524 2869 θεός
1585 2820 1678 2867 τις
1741 2796 1906 2861 αὐτὼ
1966 2798 2220 2883 (nempe
2266 2796 2463 2861 Rhesi
2508 2798 2725 2884 equos)
2774 2798 2971 2875 ὑμῖν
3014 2795 3137 2863 {rd-

1291 2902 1416 2985 ριζε
1437 2951 1454 2981 ,
1501 2903 1669 2989 quod
1716 2906 1958 2989 poetice
2004 2908 2093 2969 sie
2140 2911 2345 2990 potest
2392 2906 2745 2969 enunciari:

1203 3010 1252 3086 ἦ.
1286 3012 1380 3084 τίς
1427 3008 1540 3090 σφ’
1589 3008 1755 3089 ὔμμι
1802 3008 1999 3091 ’πόρεν
2048 3010 2173 3082 θεὸς
2220 3007 2659 3089 ἀντιβολήσας.
2744 3009 2891 3077 Hoc
2952 3013 3140 3098 igitur

1291 3117 1465 3183 haud
1510 3118 1638 3183 scio
1685 3136 1763 3182 sn
1804 3117 2263 3183 restituendum
2291 3120 2409 3201 sit,
2432 3116 2981 3203 quemadmodum
3004 3135 3138 3181 mox

1293 3226 1579 3309 sequitur
1624 3244 1716 3289 vs.
1770 3222 1937 3288 551:

1201 3330 1378 3395 ἄλλοί
1426 3331 1541 3395 τιν’
1589 3328 1690 3407 ὔμ
1707 3330 1779 3408 μ’
1826 3328 1923 3395 δΐω
1970 3326 2217 3405 δόμεναι
2268 3331 2394 3394 θεὸν
2440 3330 2858 3395 ἄντιᾶσαντα.

865 3450 924 3504 Λ
969 3435 1138 3505 ¹751:
1200 3436 1251 3501 εἰ
1303 3437 1392 3510 μή
1441 3440 1614 3515 σφωε
1659 3438 1865 3514 πατὴρ
1914 3436 2051 3514 εὐρὺ
2100 3436 2302 3515 κρείων
2350 3436 2689 3515 ἐνοσίχθων.

862 3545 891 3607 θ
935 3542 1098 3610 317;
1191 3538 1416 3619 εὕδειν,
1481 3542 1658 3607 ἄλλά
1720 3550 1893 3623 σφωε
1955 3548 2095 3619 etc„
2160 3548 2364 3607 metro
2423 3546 2647 3609 invito.
2718 3542 2798 3607 In
2844 3548 3135 3629 promptu

1291 3654 1508 3713 autem
1554 3653 1650 3712 est
1694 3650 1997 3712 correctio
2042 3646 2391 3731 εὑδέμεναι,
2442 3648 2618 3713 ἄλλᾶ
2659 3656 2786 3729 σφε
2829 3656 2952 3715 etc.
2999 3648 3137 3713 Per-

1290 3760 1424 3819 tem
1488 3752 1933 3819 tantummodo
1954 3798 1969 3829 ,
2029 3758 2102 3816 ut
2150 3753 2455 3838 arbitror,
2499 3756 2651 3820 vitii
2694 3754 2967 3823 sustulit
3014 3764 3133 3820 cor-

1288 3863 1484 3925 rectio
1544 3878 1704 3945 quse
1763 3858 1830 3922 in
1890 3856 1951 3923 Ν
1955 3857 2339 3923 suckianum
2410 3865 2660 3925 textum
2714 3868 2814 3927 est
2858 3867 3132 3947 recepte:

1288 3965 1568 4045 εὑδέμεν·
1619 3963 1795 4029 ἄλλᾶ
1840 3970 2015 4046 σφωε
2038 3964 2111 4051 ⁸).

839 4202 891 4263 1)
928 4204 973 4248 A
1009 4200 1069 4249 ιο
1089 4196 1189 4265 (Ρ),
1224 4200 1260 4245 ε
1291 4192 1419 4255 2⁶8,
1455 4210 1470 4240 ι
1505 4195 1632 4253 404,
1669 4210 1700 4241 κ
1734 4194 1857 4254 209,
1893 4212 1933 4255 μ
1966 4196 2090 4257 221,
2127 4212 2149 4245 ν
2184 4196 2310 4260 357,
2345 4211 2379 4247 e
2411 4194 2535 4258 4⁰7,
2566 4214 2612 4261 χ
2645 4196 2739 4259 73,
2776 4218 2815 4249 ω
2849 4199 2967 4253 ιοο,

837 4282 894 4345 2)
928 4282 1040 4346 Ipso
1085 4294 1178 4344 quo
1223 4278 1430 4327 vivimus
1471 4275 1655 4325 saeculo
1701 4275 1979 4341 importuno
2024 4276 2125 4328 loco
2172 4280 2367 4347 irrepsit
2412 4278 2575 4342 ἄμμε,
2621 4297 2793 4347 nempe
2824 4300 2865 4331 π·
2902 4281 3027 4342 378,
3058 4276 3127 4330 nbi

767 4366 814 4413 N
819 4362 1014 4413 euckius
1057 4362 1108 4410 id
1153 4358 1400 4409 substituit
1449 4372 1536 4421 pro
1584 4357 1739 4407 forms
1782 4357 1899 4407 bene
1942 4358 2181 4410 homerica
2227 4378 2371 4425 quem
2414 4361 2529 4412 libri
2560 4362 2785 4414 exhibent
2822 4359 2983 4426 ἤματος
3019 4362 3125 4413 eunt.

760 4447 890 4496 infre
917 4460 1023 4510 pag.
1056 4444 1172 4492 419.

832 4533 882 4592 3)
915 4530 1100 4579 lterum
1131 4524 1417 4576 tractabitur
1449 4524 1529 4574 hic
1558 4524 1688 4574 locus
1721 4524 1849 4575 intre
1879 4541 1985 4595 pag.
2020 4526 2137 4577 421.
