3436 5161
1016 1189 1163 1278 AD
1222 1188 1778 1279 CICERONIS
1837 1191 2652 1282 PALIMPSESTOS.

1087 1676 1587 1763 (Continuantm-
1630 1701 1705 1744 ex
1757 1679 1906 1743 Pom.
1961 1677 2136 1744 XIII.
2175 1703 2329 1768 paq.
2383 1679 2518 1766 54).

729 1889 945 1975 Codex
996 1890 1349 1956 Vaticanus
1397 1890 1850 1977 palimpsestus
1897 1891 2205 1957 librorum
2257 1892 2334 1959 de
2379 1893 2473 1958 Re
2521 1891 2778 1978 publica
2825 1914 3037 1978 nuper

638 2017 717 2062 ex
776 2003 956 2080 parte
1005 1997 1209 2062 denuo
1260 1996 1529 2063 collatus
1576 2005 1671 2062 est
1718 2019 1755 2063 a
1801 2000 1940 2063 viro
1987 1998 2355 2063 doctissimo
2403 2002 2478 2064 A.
2528 1998 2688 2064 Mm
2709 2047 2726 2076 ,
2777 2007 3030 2084 partem

636 2104 704 2167 in
755 2123 907 2167 usus
950 2102 1203 2167 Halmii
1252 2106 1383 2168 iam
1425 2115 1571 2169 ante
1618 2103 2056 2188 exploraverat
2095 2104 2566 2170 eruditissimus
2591 2105 2788 2170 Plinii
2819 2105 3032 2170 editor

636 2207 715 2273 D.
775 2207 1177 2273 anmrenn.
1250 2206 1439 2274 Solus
1485 2209 1571 2274 du
1618 2209 1790 2274 Rieu
1829 2211 1969 2296 (aut
2007 2213 2064 2274 si
2101 2229 2332 2274 nomen
2371 2213 2466 2276 ori
2505 2210 2735 2276 Latino
2773 2230 3028 2275 accom—

639 2313 1031 2380 modandum
1102 2320 1198 2380 est
1267 2314 1567 2401 Rmvms)
1639 2336 1860 2381 omnes
1929 2316 2189 2382 schedas
2260 2317 2563 2394 contulit,
2634 2317 2896 2383 Mevius
2969 2317 3026 2384 Ι.

639 2423 676 2508 §
744 2411 997 2499 1÷19‚
1066 2421 1374 2507 41-46,
1434 2420 1516 2489 ΙΙ.
1580 2423 1617 2507 ξ
1685 2421 1984 2498 11-31,
2048 2421 2448 2488 Detlefsenus
2507 2422 2588 2488 II.
2646 2424 2683 2508 ξ
2733 2422 3024 2488 11—44.

638 2527 845 2595 Mavii
892 2547 1081 2615 opera
1126 2534 1419 2614 suscepta
1464 2535 1599 2595 erat
1646 2534 1720 2594 ut
1767 2550 1894 2594 una
1939 2526 2042 2595 vel
2091 2529 2254 2595 duae
2298 2550 2528 2596 manns
2565 2529 3026 2595 emendatrices

634 2636 703 2697 in
749 2634 908 2700 locis
954 2639 1249 2701 correctis
1296 2656 1331 2700 a
1377 2635 1624 2700 librarii
1672 2635 2041 2721 principalis
2085 2636 2384 2701 ductibus
2439 2637 3024 2723 distinguerentur,

635 2759 829 2825 quam
893 2761 1028 2806 rem
1096 2762 1245 2807 cum
1310 2740 1667 2825 pulvisculo
1733 2740 2100 2828 profligavit
2162 2739 2465 2807 GARoLus
2526 2740 2774 2816 prm,
2839 2742 3026 2805 cuius

636 2852 863 2932 rog-atu
929 2846 1124 2911 codex
1187 2846 1391 2913 denuo
1456 2866 1756 2911 excussus
1817 2854 1985 2923 erat;
2037 2849 2130 2911 ita
2177 2852 2392 2911 tamen
2441 2853 2514 2910 ut
2557 2852 2862 2923 eventus,
2913 2866 3020 2911 me

636 2952 895 3037 quidem
961 2953 1205 3029 indice,
1265 2930 1491 3037 parum
1540 2954 1674 3037 spei
1723 2958 2048 3037 susceptae
2095 2952 2488 3037 responderit
2517 2954 2586 3037 ¹).
2661 2950 3024 3037 Distinguit

638 3059 1069 3125 emendatores
1128 3060 1257 3142 sic,
1322 3067 1397 3123 ut
1448 3060 1619 3142 prior
1666 3060 1775 3143 (c),
1826 3079 2016 3142 quem
2063 3057 2334 3123 eundem
2385 3078 2520 3122 esse
2564 3078 2714 3122 cum
2760 3055 3022 3121 librario

635 3165 869 3232 codicis
935 3162 1041 3250 (G)
1108 3184 1262 3251 „pro
1310 3172 1481 3230 certo
1526 3162 1830 3229 affirmari
1875 3164 2164 3249 nequit”,
2215 3164 2292 3229 ad
2338 3165 2532 3229 huius
2582 3170 2796 3228 tamen
2843 3164 3020 3226 simi-

633 3270 981 3336 litudinem
1030 3274 1371 3335 atramenti
1418 3268 1623 3337 colore
1669 3277 1734 3336 et
1781 3269 2140 3336 litterarum
2191 3270 2488 3335 ductibus
2527 3272 2815 3355 proxime
2853 3289 3024 3333 acce·

634 3376 779 3451 dat,
842 3375 1005 3440 alter
1065 3372 1185 3461 (οἱ)
1241 3375 1431 3461 paulo
1494 3380 1579 3442 sit
1640 3378 1970 3441 recentior.
2041 3375 2286 3441 Verum
2348 3374 2542 3441 huius
2603 3373 2664 3439 cl
2729 3380 2826 3439 tot
2871 3380 3023 3439 sunt

634 3481 1107 3547 emendationes
1126 3530 1144 3566 ,
1197 3486 1273 3545 ut
1326 3480 1487 3547 alter
1534 3484 1602 3546 in
1650 3480 1986 3547 collatione
2033 3484 2144 3549 vix
2191 3489 2509 3567 appareat.
2583 3478 2686 3545 Sic
2732 3501 2879 3566 pag.
2933 3479 3019 3543 15

635 3585 861 3673 (Pfaff)
907 3586 1183 3671 amplius
1227 3590 1561 3674 sexaginta
1608 3589 2079 3653 emendationes
2127 3587 2344 3652 littera
2379 3588 2436 3651 c'
2479 3592 2815 3662 notantur,
2859 3585 3022 3650 duae

634 3700 851 3759 notam
907 3695 957 3759 Ο
995 3694 1092 3757 vel
1124 3716 1155 3757 c
1200 3693 1272 3778 (i.
1300 3714 1353 3759 e.
1395 3694 1598 3779 ipsius
1636 3694 1875 3759 codicis
1913 3693 2214 3759 librarius
2252 3692 2356 3758 vel
2397 3695 2644 3776 primus
2681 3690 3022 3776 corrector)

637 3852 921 3920 additam
968 3852 1269 3917 habeant:
1323 3853 1360 3937 ς
1410 3852 1489 3917 11
1541 3803 1939 3936 Anmmnm‘,
1979 3853 2015 3937 ξ
2054 3850 2137 3917 16
2175 3808 2361 3916 mc'sm.
2410 3848 2480 3915 11.
2523 3850 2744 3915 eadem
2783 3849 3024 3935 pagina

636 3959 673 4043 ξ
722 3959 806 4025 10
854 3957 933 4024 ad
980 3960 1187 4022 consul
1212 3958 1336 4042 fui
1380 3958 1625 4044 (prius,
1668 3978 1820 4022 nam
1873 3958 1970 4021 bis
2017 3956 2344 4041 scribitur)
2395 3955 2784 4041 adscriptum
2835 3958 3019 4020 inve-

634 4117 851 4182 nimus
891 4139 923 4180 0
969 4124 1077 4181 aaa
1121 4116 1173 4179 ο·
1220 4124 1285 4181 et
1324 4116 1403 4195 ad
1444 4116 1587 4203 §11
1632 4066 1896 4191 01121'2‘1'1‘31
1929 4121 1975 4155 ν·
2016 4117 2028 4200 ι
2069 4072 2315 4181 annixam
2348 4115 2502 4181 haee
2545 4116 2770 4180 verba:
2817 4132 3018 4192 „num

702 4342 759 4407 1)
808 4344 909 4391 ‚De
952 4343 1151 4392 diversis
1194 4342 1436 4403 manibus,
1480 4341 1653 4407 quibus
1696 4341 1939 4392 Ciceronis
1983 4344 2040 4393 de
2085 4342 2326 4409 republica
2359 4342 2472 4391 libri
2505 4341 2558 4391 in
2589 4339 2749 4391 codice
2785 4339 3018 4389 Vaticano

633 4424 837 4473 correcti
881 4428 994 4473 sunt
1028 4425 1289 4490 disputavit
1323 4426 1522 4475 Carolus
1556 4426 1692 4476 Pfaff.
1749 4425 1943 4475 Accedit
1976 4424 2141 4475 tabula
2171 4422 2446 4489 heliotypa”
2483 4424 2532 4487 (e
2567 4423 2935 4487 Zangemeisteri
2968 4426 3020 4471 et

636 4505 988 4556 Wattenbachii
1020 4506 1248 4572 exemplis
1282 4507 1539 4573 codicum).
1591 4507 1762 4571 Progr.
1799 4507 1880 4555 des
1915 4504 2259 4569 Heidelberger
2292 4504 2628 4570 Gymnuiums
2663 4505 2809 4554 1882.
