3436 5161
1463 347 1787 396 nonnus.
2683 330 2815 395 209

428 518 768 585 Hectorem
813 514 1304 579 obtruncaturus
1347 511 1594 577 hastam
1642 512 1861 579 dextra
1901 512 2131 586 librat,
2176 511 2378 578 oculis
2416 515 2581 597 petit
2602 512 2815 579 locum

423 628 492 691 in
539 624 882 689 adversarii
933 640 1188 704 corpore
1238 638 1428 703 quem
1481 638 1599 683 non
1651 622 1991 705 protegant
2035 639 2241 683 arma:

612 734 720 794 τοῦ
767 728 830 792 δὲ
878 728 982 790 καὶ
1034 722 1194 791 ἄλλο
1241 724 1416 788 τόσον
1465 726 1577 799 μὲν
1629 722 1745 805 ἔχε
1793 722 1958 804 χρόα
2004 724 2263 803 χάλκεα
2312 726 2511 807 τεύχη

608 834 822 911 καλοὶ,
872 832 958 897 τοὶ
1009 830 1384 911 Πατρόκλοιο
1433 831 1577 907 βίην
1631 829 1861 908 ἐνάριξε
1913 832 2276 905 κατακτάς·

609 940 870 1017 Φαίνεσο
918 937 994 1014 δ’,
1046 934 1083 1017 ᾖ
1130 938 1375 1011 κληῗδες
1425 938 1538 999 ἀπ’
1588 935 1761 1014 ὤμων
1809 937 2027 1018 αὐχέν’
2075 935 2285 1019 ἔχουσι
2334 944 2451 1006 etc.

431 1047 605 1123 Quid
649 1048 733 1111 sit
772 1044 878 1111 καὶ
911 1044 1072 1108 ἄλλο
1097 1044 1270 1108 τόσον
1293 1091 1308 1121 ,
1335 1043 1506 1108 haud
1530 1041 1716 1107 facile
1741 1044 2078 1127 quisquam
2106 1043 2521 1129 explicaverit
2534 1068 2552 1127 3
2586 1050 2820 1131 „verba

433 1153 709 1220 vitiosa”
748 1172 894 1217 vere
935 1156 1150 1215 monet
1188 1148 1539 1215 Nauckius.
1587 1149 1670 1212 Et
1715 1155 1932 1214 tamen
1972 1149 2135 1214 nihil
2175 1152 2455 1218 abundat
2491 1174 2605 1218 nec
2645 1154 2821 1221 deest

435 1262 776 1344 quiequam
795 1304 812 1334 ,
854 1257 962 1321 sed
1003 1255 1224 1321 literae
1247 1254 1492 1339 aliquot
1516 1255 1651 1320 loco
1677 1262 1889 1319 motae
1914 1262 2083 1320 sunt.
2108 1256 2307 1323 Poeta
2330 1258 2498 1323 enim
2524 1258 2818 1326 dederat:
2905 1333 2913 1337 ,

619 1370 724 1428 τοῦ
772 1362 826 1428 δ’
879 1359 1184 1426 ἔκτοσθ·
1233 1358 1489 1425 ἄλλον
1537 1361 1650 1437 μὲν
1704 1359 1817 1439 ἔχε
1867 1361 2027 1441 χρόα
2074 1362 2332 1440 χάλκεα
2383 1366 2619 1445 τεύχη,

435 1469 624 1557 plane
670 1475 743 1534 ut
791 1480 840 1535 K
891 1468 1023 1533 334
1070 1466 1389 1554 legimus:

619 1575 874 1642 νέσσατο
921 1576 972 1639 δ’
1023 1572 1405 1637 ἔκτοσθεν
1452 1571 1622 1653 ῥινόν.

529 1684 811 1769 Apparet
855 1684 1093 1768 igitur,
1143 1679 1359 1745 literas
1403 1687 2177 1746 ΔΕΚΤΟΟΘΕΛΛΛΟΝ
2226 1703 2373 1747 casu
2411 1687 2503 1749 ita
2538 1688 2826 1752 turbatas

818 1789 1047 1865 fuisse,
1093 1791 1166 1851 ut
1213 1786 1359 1852 inde
1401 1794 2176 1852 ΔΘΚΕΑΛΛΟΤΟΕΘΝ
2224 1787 2435 1868 fieret,

533 1894 700 1980 quod
743 1899 1114 1979 corruptum
1154 1904 1250 1957 est
1284 1894 1354 1956 in
1396 1901 2238 1959 AeKAIAAAOTocoN.

533 2112 711 2178 Duae
775 2111 998 2177 literae
1057 2112 1306 2176 vicinae
1349 2106 1581 2175 ‘locum
1647 2112 1816 2175 inter
1878 2132 1946 2175 se
1991 2118 2518 2197 permutaverunt
2565 2124 2619 2181 H
2670 2115 2824 2183 44¹7.

443 2218 780 2303 Neptunus
823 2218 1192 2283 hominibus
1239 2221 1495 2301 propter
1538 2218 1807 2281 nimiam
1856 2216 2204 2283 sollertiam
2250 2240 2617 2287 succensens
2659 2224 2826 2309 apud

443 2324 657 2391 Iovem
709 2324 970 2409 fratrem
1016 2324 1450 2407 conqueritur:

630 2434 750 2496 Ζεῦ
797 2430 1031 2511 πάτερ,
1082 2422 1122 2501 ἦ
1165 2427 1240 2509 ροἒ
1289 2426 1382 2499 τίς
1432 2429 1561 2493 ἐστι
1606 2429 1839 2508 βροτῶν
1888 2428 1987 2492 ἐπ’
2035 2430 2325 2510 οὶπείρονα
2371 2440 2569 2510 γαῖαν

627 2533 688 2612 ὅς
736 2560 830 2608 τις
880 2534 966 2600 ἔτ’
1013 2533 1370 2601 ἀθανάτοισι
1422 2534 1545 2599 νόον
1594 2533 1698 2599 καὶ
1749 2542 1933 2612 μῆτιν
1985 2536 2210 2615 §viritem

535 2644 711 2711 Haec
756 2643 1012 2709 nullum
1051 2663 1309 2708 sensum
1343 2643 1644 2728 praebent
1681 2642 2011 2719 idoneum;
2044 2643 2337 2709 futurum
2363 2649 2531 2712 enim
2560 2648 2824 2733 ἐνίψειν,

444 2774 482 2818 a
517 2752 706 2819 verbo
740 2751 962 2815 ἐνίπτω
1003 2749 1138 2815 sive
1178 2748 1389 2812 ἐνίσσω
1427 2754 1797 2831 vituperare,
1840 2750 1907 2812 in
1931 2748 2092 2814 hanc
2119 2754 2497 2816 sententiam
2526 2775 2649 2819 non
2674 2774 2827 2840 qua·
2856 2777 2864 2785 ·

445 2860 606 2926 drat.
655 2857 1028 2943 Requiritur
1065 2855 1334 2921 verbum
1376 2853 1660 2920 dicendi:
1703 2859 1897 2939 ecquis
1934 2856 2274 2919 mortalium
2306 2859 2551 2939 posthac
2577 2861 2829 2925 consilia

443 2989 556 3031 sua
615 2987 742 3028 cum
803 2963 923 3027 diis
968 2969 1052 3026 eci
1098 2957 1668 3026 communicaturus?
1713 2960 1781 3025 id
1829 2967 1961 3038 est,
2010 2981 2115 3026 eos
2160 2961 2563 3030 consulturus
2608 2972 2704 3032 est
2750 2965 2828 3032 de

445 3077 678 3140 eventu
717 3089 1064 3154 eorumque
1102 3087 1290 3152 opem
1327 3075 1424 3132 est
1468 3063 1972 3152 imploraturus?
2035 3065 2216 3147 Quod
2256 3073 2453 3135 sensit
2490 3071 2833 3139 scholiasta

449 3199 594 3244 oum
635 3176 998 3242 adnotaret:
1036 3175 1262 3258 ἐνίψει]
1300 3173 1508 3252 κυρίως
1556 3173 1669 3248 μὲν
1707 3173 2037 3250 ἐπιπλήξει
2078 3173 2180 3238 διὰ
2220 3173 2439 3252 λόγων,
2480 3181 2579 3240 νῦν
2604 3177 2667 3243 δὲ
2691 3177 2828 3242 ἀντὶ

450 3289 559 3350 τοῦ
602 3283 722 3363 ἐρεῖ
758 3282 861 3346 καὶ
904 3278 1086 3356 λέξει.
1139 3279 1321 3344 Hanc
1362 3300 1511 3346 vero
1552 3277 2083 3367 significationem
2124 3284 2198 3343 ut
2237 3281 2622 3348 vocabulum
2663 3282 2832 3351 male

451 3389 809 3456 mulcatum
849 3393 1209 3472 recuperet,
1254 3385 1714 3451 restituendum
1755 3391 1851 3449 est
1891 3386 2005 3450 ἐνί
2018 3409 2193 3466 ern-n.
2227 3385 2726 3457 Subiunctivum
2752 3391 2831 3457 ab

449 3497 735 3564 Homero
768 3495 886 3558 boc
925 3492 1064 3558 loco
1104 3492 1426 3576 adbiberi,
1464 3511 1652 3556 nemo
1691 3491 2069 3568 mirabitur3
2102 3496 2473 3560 notissimus
2498 3502 2711 3562 autem
2739 3503 2835 3563 est

453 3604 635 3672 verbi
651 3602 870 3668 ἐννέπω
890 3602 1160 3666 aoristus
1178 3600 1262 3664 ἐνί
1265 3621 1430 3675 σπον,
1461 3599 1644 3662 cuius
1657 3597 2104 3664 subiunctivus
2121 3601 2313 3664 etiam
2335 3612 2393 3665 A
2413 3598 2545 3666 839
2561 3601 2833 3689 legitur:

818 3707 1117 3786 ἔρχομαι,
1166 3703 1302 3784 ὄφρ’
1353 3706 1612 3783 Ἀχιλῆι
1661 3702 1935 3782 δαΐφρονι
1984 3709 2171 3779 μῦθον
2217 3706 2473 3783 ἐνίσπω,

451 3821 518 3880 et
562 3815 656 3880 ibi
702 3832 950 3899 quoque
969 3859 984 3889 ,
1030 3811 1198 3896 quod
1247 3809 1530 3874 sufficere
1576 3815 1732 3893 puto
1774 3809 1854 3874 ad
1892 3807 2341 3876 stabiliendam
2383 3815 2834 3878 correctionem

450 3937 645 4008 quam
707 3921 1043 4006 proposui,
1098 3918 1163 3982 in
1213 3916 1505 3982 lectionis
1553 3917 1863 3981 varietate
1912 3915 2094 3994 ἐνίψω
2144 3918 2435 3984 occurrit.
2507 3915 2837 3985 Confiden-

450 4033 550 4094 ter
591 4029 798 4114 igitur
843 4027 1090 4090 scribo:

817 4127 879 4203 ὅς
927 4154 1021 4200 τις
1071 4127 1158 4195 ἔτ’
1207 4127 1564 4194 ἀθανάτοισι
1615 4127 1739 4193 νόον
1791 4129 1894 4192 καὶ
1945 4137 2132 4205 μῆτιν
2183 4127 2417 4210 ἐνίσπῃ.

545 4239 617 4303 In
658 4236 941 4326 Odyssea
983 4256 1232 4321 quoque
1274 4242 1545 4321 quatuor
1582 4235 1740 4300 locis
1778 4234 2020 4322 legitur
2060 4235 2311 4317 ἑνίσπῃε
2355 4261 2400 4314 7
2444 4236 2596 4322 327,
2624 4239 2653 4301 θ
2684 4238 2835 4324 101,

455 4344 631 4419 251,
699 4368 728 4425 ρ
795 4342 963 4427 529,
1027 4349 1090 4407 et
1154 4344 1360 4426 prima
1420 4361 1686 4426 persona
1747 4341 1967 4406 ἐνίσπω
2030 4366 2047 4405 ι
2100 4338 2219 4418 37,
2270 4361 2417 4408 cum
2465 4345 2644 4409 varia
2692 4343 2842 4410 lect.

455 4452 664 4532 ἐνίψω.
737 4451 948 4526 Quam
1021 4469 1166 4514 vero
1229 4450 1676 4514 correctionem
1734 4449 1947 4515 versui
1995 4455 2049 4512 H
2102 4445 2233 4515 44¹7
2282 4447 2657 4515 afferendam
2705 4469 2841 4516 esse
