3436 5161
690 353 814 421 192
1722 374 2041 425 nonnus.

678 538 773 604 ita
817 542 892 604 ut
937 540 1268 617 coniicias,
1317 538 1405 604 σοὶ
1457 542 1642 603 ταῦτ’
1692 543 1804 606 aut
1850 542 2033 605 ταῦτ’
2083 535 2180 606 οὖν
2227 540 2283 604 σ’
2326 562 2459 608 esse
2497 540 2875 629 legendum,
2928 562 3127 621 eum,

679 648 1053 739 praesertim
1113 665 1380 732 sequens
1439 666 1688 732 quoque
1747 667 1967 714 versus
2014 652 2347 733 corruptus
2396 647 2476 713 ad
2524 668 2636 713 nos
2684 650 3080 733 pervenerit3

681 754 921 818 vitium
981 758 1196 819 tamen
1243 758 1338 818 est
1385 746 1760 839 antiquum,
1812 774 1961 819 nam
2011 753 2079 819 σὲ
2129 754 2191 818 δὲ
2239 756 2477 820 citatur
2530 757 2595 819 in
2642 753 2835 821 schol.
2882 753 3082 840 Soph.

681 856 776 923 El.
832 856 980 926 14²7.
1053 858 1146 925 De
1192 859 1586 946 Lysistratae
1633 880 1823 926 versu
1870 864 2163 945 corrupto
2212 857 2343 925 509
2394 864 2599 926 tacere
2646 864 2948 944 praestat.

771 1056 1020 1124 Tertiae
1068 1078 1217 1124 vero
1265 1076 1563 1143 personae
1611 1057 1869 1123 dativus
1916 1080 1991 1123 rot
2040 1058 2155 1123 ubi
2202 1078 2313 1142 per
2360 1055 2689 1123 elisionem
2742 1060 3077 1143 pronunci-

677 1166 878 1232 andus
923 1170 1086 1243 erat,
1141 1170 1550 1231 evanescente
1596 1163 1782 1229 litera
1831 1161 2071 1229 aeolioa
2110 1182 2363 1249 prorsus
2403 1164 2884 1231 obliterabatur.
2928 1164 3075 1230 Uno

679 1278 897 1338 tamen
959 1275 1024 1337 et
1087 1269 1285 1337 altero
1344 1269 1482 1337 loeo
1546 1272 1821 1335 exitium
1885 1270 2129 1357 effug-it.
2216 1268 2324 1335 Sic
2388 1293 2415 1334 0
2486 1267 2614 1334 105
2684 1291 2831 1336 eum
2902 1271 3109 1356 apud·

681 1398 900 1444 omnes
954 1377 1120 1461 fere,
1178 1381 1383 1441 metro
1444 1377 1683 1453 invito,
1757 1374 2015 1463 legatur
2078 1374 2187 1465 ἔνθ’
2250 1374 2399 1439 ἔσαν
2470 1378 2605 1461 (r)oe
2673 1375 2933 1453 πέπλοι,
3006 1378 3077 1441 in

683 1483 895 1550 codiee
957 1482 1286 1549 Marciano
1335 1480 1526 1563 verus
1573 1481 1912 1547 verborum
1963 1481 2114 1548 ordo
2161 1486 2449 1549 servatus
2494 1487 2590 1548 est
2637 1479 2778 1547 ἔνθα.
2825 1483 2878 1547 οἱ
2924 1481 3076 1547 ἔσαν

681 1590 903 1657 τέκ’-λοι
928 1638 944 1669 ,
991 1590 1062 1655 id
1107 1593 1204 1655 est
1249 1587 1387 1653 ἔνθα
1435 1587 1481 1652 ε’
1535 1586 1682 1661 ἔσαν
1732 1586 1980 1653 πέπλοι.

769 1695 902 1762 Neo
950 1716 1074 1761 non
1123 1719 1140 1759 ι
1190 1692 1352 1771 360,
1405 1695 1519 1759 ubi
1564 1692 1764 1781 vulgo
1813 1692 2055 1759 editur:

959 1798 1034 1872 ὧς
1086 1798 1270 1879 <Deir-2
1322 1800 1485 1879 ἀτάρ
1532 1822 1608 1866 roa
1655 1797 1832 1871 αὖτις
1884 1798 2005 1877 ἐγὼ
2054 1798 2229 1879 πόρον
2277 1798 2503 1866 αἴθοπα
2554 1808 2761 1875 νοῒνον,

683 1929 832 1977 vera
893 1910 1209 1994 scriptura
1269 1912 1518 1972 servata
1576 1927 1711 1971 esse
1757 1904 2014 1993 videtur
2056 1907 2125 1970 in
2173 1905 2502 1973 Marciano
2558 1906 2847 1994 (aliisque
2892 1908 3081 1975 codd.

681 2015 849 2102 apud
896 2012 1280 2080 Larochium
1331 2013 1783 2091 enumeratis):

955 2116 1029 2192 ὦς
1078 2118 1296 2201 ἔφατ’,
1348 2116 1551 2197 αὐτάρ
1600 2118 1650 2183 οἱ
1699 2114 1877 2188 αὖτις
1927 2117 2051 2195 ἐγὼ
2100 2116 2277 2197 πόρον
2328 2117 2556 2184 αἴθοπα
2602 2125 2811 2197 νοῒνον,

680 2226 749 2291 id
796 2230 891 2292 est
941 2224 1140 2305 αὐτάρ
1189 2224 1235 2289 r’
1283 2217 1478 2296 αὖτις.

771 2330 996 2417 Neque
1039 2338 1092 2395 E
1141 2328 1308 2395 310:

763 2460 772 2469 ·
953 2436 1126 2518 ἀμφὶ
1174 2436 1235 2501 δὲ
1283 2434 1425 2500 ὄσσε
1471 2437 1722 2511 κελαινὴ
1770 2433 1880 2511 νὺξ
1927 2434 2245 2514 ἐκάλυψε,

677 2544 756 2611 ad
815 2545 1168 2610 immanem
1213 2542 1502 2626 hiatum,
1553 2562 1745 2628 quem
1794 2541 2039 2608 codices
2085 2542 2425 2620 exhibent,
2475 2541 2860 2628 explendum
2910 2561 3067 2609 con·

677 2653 921 2717 iectura
984 2671 1142 2736 opus
1205 2654 1337 2734 est3
1401 2649 1781 2714 Eustathius
1844 2651 2014 2714 enim
2068 2649 2229 2714 hane
2276 2649 2639 2734 suppeditat
2685 2649 3070 2715 lectionem:

678 2757 851 2837 ἀμφὶ
919 2754 983 2821 δέ
1042 2757 1094 2820 οἱ
1157 2754 1332 2838 ὅσα-ε,
1395 2754 1464 2819 id
1512 2759 1607 2820 est
1655 2753 1829 2836 ἀμφὶ
1881 2753 1946 2820 δέ
1994 2756 2039 2818 ε’
2083 2753 2246 2818 ὄσσε.
2318 2754 2501 2820 Idem
2548 2755 2625 2820 de
2664 2755 2801 2820 loeo
2852 2753 3069 2840 paral-

676 2862 803 2930 lelo
850 2862 1135 2948 (fortasse
1181 2861 1423 2945 spurio)
1476 2859 1721 2924 dietum
1770 2865 1937 2938 estc,
1986 2867 2046 2926 Λ
2098 2858 2247 2926 356.

765 2969 1056 3035 Fortasse
1099 2969 1296 3032 etiam
1343 2975 1393 3030 E
1447 2965 1488 3029 4
1535 2987 1658 3032 non
1707 2966 2053 3054 legendum
2102 2972 2201 3032 est

949 3073 1082 3140 δαῖέ
1129 3095 1203 3137 roc
1253 3072 1323 3136 ἐκ
1369 3071 1602 3151 κόρυθός
1652 3095 1724 3138 τε
1770 3072 1874 3136 καὶ
1926 3070 2183 3142 ἀσπίδος
2232 3071 2565 3150 ἀκάματον
2614 3075 2771 3154 πῦρ,

673 3182 784 3248 sed
831 3181 898 3246 id
941 3182 1158 3266 ipsum
1203 3176 1370 3263 quod
1418 3177 1647 3243 Ambr.
1698 3184 1763 3243 et
1809 3177 2105 3244 Eustath.
2152 3179 2489 3264 praebent:

948 3285 1083 3350 δαῖε
1132 3283 1195 3349 δέ
1241 3285 1292 3347 οἱ
1341 3285 1410 3348 ἐκ
1459 3282 1731 3364 κόρυθος,

673 3382 842 3478 quod
901 3389 1004 3456 illi
1065 3390 1376 3474 putabant
1437 3391 1980 3473 pronunciandum
2053 3411 2187 3456 esse
2234 3390 2369 3455 δαῖε
2416 3390 2469 3455 δ’
2515 3391 2567 3456 οἱ
2584 3437 2603 3469 ‚
2653 3412 2799 3457 cum
2848 3397 3064 3456 tamen

672 3503 915 3563 veteres
959 3500 1180 3580 poetae
1225 3496 1597 3559 recitassent
1641 3495 1779 3560 δαῖε
1827 3493 1890 3560 δέ
1948 3497 2017 3560 ν’.

762 3603 959 3667 Porro
1002 3600 1128 3666 hue
1173 3601 1240 3664 in
1287 3619 1549 3665 censum
1595 3602 1775 3666 venit
1824 3609 1877 3665 Θ
1927 3599 2095 3666 408:

945 3706 1065 3773 αἰεὶ
1115 3705 1240 3785 γάρ
1295 3728 1398 3783 μοι
1447 3703 1623 3770 ἔωθεν
1671 3707 1918 3772 ἐνικλᾶν
1965 3702 2216 3772 ἔπινε
2262 3707 2466 3786 tela-w,

671 3818 776 3884 eui
821 3813 1156 3900 respondet
1203 3833 1422 3879 versus
1471 3811 1637 3878 422:

943 3920 1062 4008 αἰεὶ
1111 3917 1238 3997 γάρ
1287 3941 1363 3984 τοι
1436 3916 1609 3984 ἔωθεν
1657 3919 1903 3985 ἐνικλᾶν
1950 3915 2083 3985 ὅττι
2134 3944 2202 3984 κε
2249 3922 2437 4001 tela-n.

669 4028 856 4094 Nihil
903 4029 1071 4091 enim
1128 4030 1228 4090 est
1275 4021 1448 4088 ἔωθεν
1495 4045 1608 4109 pro
1655 4025 1888 4102 εἴωθεν,
1939 4047 2052 4092 neo
2100 4047 2370 4111 usquam
2406 4027 2561 4094 alibi
2599 4029 2725 4093 nisi
2765 4027 2866 4094 his
2900 4029 3054 4094 locis

671 4131 965 4222 gemellis
1011 4133 1336 4216 reperitur.
1413 4129 1684 4196 Omnino
1734 4132 2124 4197 restituenda
2172 4139 2267 4198 est
2314 4134 2493 4199 verbi
2534 4134 2739 4199 forma
2777 4137 3051 4213 sincera,

671 4259 865 4324 quam
915 4257 1084 4304 error
1127 4243 1242 4302 τῶν
1281 4237 2048 4319 μεταχαρακτηρισάντων
2084 4238 2451 4318 offuscavit3
2494 4243 2647 4306 satis
2682 4242 2852 4306 enim
2890 4242 3055 4306 anti-

671 4367 872 4434 quum
934 4366 1066 4412 esse
1125 4344 1429 4410 mendum
1491 4367 1569 4411 ex
1630 4344 1915 4431 Etymol.
1987 4345 2081 4410 M.
2147 4367 2295 4433 pag.
2371 4343 2501 4411 306
2523 4396 2539 4425 ,
2616 4344 2702 4411 50
2772 4351 3052 4432 apparet.

670 4451 1029 4520 Soribaturz
1307 4478 1310 4482 ·
