3436 5161
1339 380 1738 431 nnnonozros.
2642 367 2727 433 41

438 542 550 611 VI.
603 542 732 610 119
779 543 886 611 καὶ
935 546 1061 627 γὰρ
1111 543 1450 628 ἄσφαλτον
1485 545 1590 612 καὶ
1633 543 1799 619 ἅλας
1838 546 1943 613 καὶ
1984 545 2187 614 ἔλαιον
2226 548 2729 629 ἀρύσσονται

346 648 416 725 ἐξ
475 652 667 717 αὐτοῦ
733 653 843 741 (se.
907 658 1016 719 τοῦ
1075 651 1373 739 φρέατος)
1420 650 1622 734 τρόπῳ
1669 652 1874 735 τοιῷδε
1904 675 1918 692 ·
1970 654 2421 721 ἀντλέεται
2469 656 2582 734 μὲν
2631 680 2734 731 κή-

343 758 575 839 λωνηίῳ
625 757 755 823 κτὲ.
827 757 1032 827 Solito
1077 757 1294 825 minus
1341 758 1498 826 felix
1541 760 1668 825 fuit
1714 757 1993 827 Oobetus
2038 760 2289 828 Mnem.
2327 759 2457 827 XII
2492 783 2551 848 p.
2601 760 2731 827 168

345 866 662 931 coniciens
707 866 783 946 ὀρ
803 864 837 932 ὐ
857 889 896 930 σ
914 890 953 931 σ
969 890 997 931 ο
1015 891 1097 931 ντ
1117 889 1159 932 α
1179 892 1231 946 ι,
1278 887 1429 931 nam
1477 886 1682 952 neque
1730 888 1765 933 e
1810 872 2003 953 puteo
2048 869 2401 955 quidquam
2444 868 2737 935 effoditur

346 972 604 1057 (puteus
649 974 788 1057 ipse
832 972 1136 1060 foditur),
1185 994 1389 1059 neque
1434 994 1561 1039 non
1609 978 1868 1060 apparet
1916 995 1951 1040 e
1992 977 2283 1060 sequenti
2318 975 2738 1063 descriptione

345 1077 422 1142 de
489 1079 817 1144 hauriendo
863 1099 1219 1146 sermonem
1265 1081 1478 1147 fuisse.
1553 1078 1790 1145 Omnes
1836 1087 2056 1147 sutem
2103 1083 2394 1147 veritatis
2438 1102 2737 1150 numeros

344 1185 538 1253 habet
599 1182 912 1251 Diudorfii
973 1186 1334 1252 emendatio
1393 1188 1436 1251 ἆ
1456 1192 1510 1268 Φ
1531 1186 1566 1251 ύ
1583 1210 1671 1251 σσ
1691 1210 1718 1251 ο
1737 1212 1764 1251 ν
1780 1210 1820 1251 τ
1835 1210 1879 1251 α
1897 1210 1935 1277 ι.
2016 1186 2441 1274 Super-natare
2487 1186 2737 1276 asphal-

347 1295 490 1358 tum
537 1295 604 1357 et
648 1290 866 1358 oleum
910 1297 1138 1358 notum
1186 1298 1300 1358 est.

439 1505 552 1574 VI.
609 1504 761 1573 134.
827 1506 936 1578 'Ec
984 1506 1096 1584 μὲν
1143 1508 1216 1582 δή
1265 1510 1516 1573 τοσοῦτο
1561 1511 1668 1573 τοῦ
1716 1505 1909 1584 λόγου
1955 1508 2007 1573 οἱ
2054 1506 2288 1580 πάντες
2312 1505 2613 1583 Ἕλληνες
2641 1506 2741 1575 λέ-

345 1636 564 1693 γουσι,
616 1614 686 1677 τὸ
739 1611 790 1677 δ’
841 1612 1110 1677 ἐντεῦθεν
1163 1613 1226 1677 δὲ
1274 1613 1451 1678 αὐτοὶ
1503 1612 1716 1693 Πάριοι
1766 1613 2050 1692 γενέσθαι
2099 1610 2207 1681 ὧδε
2263 1614 2596 1702 [λέγουσι]ο
2643 1614 2743 1681 Ne

347 1722 512 1787 forte
570 1724 717 1806 post
777 1717 1011 1790 πάντες
1059 1724 1246 1805 putes
1294 1720 1599 1786 excidisse
1645 1720 1855 1785 ταῦτα
1904 1722 1983 1787 ef.
2030 1720 2099 1787 H
2154 1719 2281 1787 142
2327 1722 2468 1786 init.
2539 1719 2739 1787 Aliud

349 1826 530 1893 scioli
572 1824 1091 1912 supplementum
1133 1845 1631 1891 commemorare
1669 1826 1925 1915 neglexi
1966 1848 2157 1913 supra
2195 1848 2329 1913 esp.
2362 1826 2529 1893 1252
2570 1826 2739 1902 ἐνδὺς

216 1966 221 1973 ·
347 1933 566 1999 κιθῶνα
615 1933 825 2011 μέγαν
871 1932 974 1997 καὶ
1018 1932 1243 1997 κόλπον
1283 1932 1515 2005 πολλὸν
1555 1933 2055 2013 καταλιπόμενος
2100 1936 2239 2020 [τοῦ
2284 1934 2570 2020 κιθῶνος]
2615 1932 2741 2000 Sed

346 2038 587 2105 talibus
633 2039 895 2124 ineptiis
943 2038 1024 2103 ed
1073 2038 1244 2105 huno
1291 2059 1489 2125 usque
1536 2040 1708 2106 diem
1751 2046 1993 2107 sentent
2050 2042 2357 2107 editiones
2407 2040 2738 2108 Herodoti.

439 2250 550 2318 VI.
617 2249 746 2316 134
813 2250 1206 2332 ὑπερθορόντα
1255 2250 1318 2317 δὲ
1366 2251 1516 2318 ἰέναι
1569 2253 1669 2318 ἐπὶ
1722 2253 1789 2319 τὸ
1839 2253 2115 2334 μέγαρον
2164 2254 2362 2339 [ba-1331
2411 2254 2740 2330 ποιήσοντα

351 2356 540 2445 ἐντός]
570 2406 587 2437 ,
649 2356 778 2423 εἴτε
839 2356 1163 2433 κινήσοντα
1223 2382 1284 2424 τι
1347 2366 1466 2424 τῶν
1529 2360 1829 2443 ἀκινήτων
1874 2360 2001 2426 εἴτε
2048 2360 2368 2435 ὁτιδήποτε
2415 2356 2743 2441 πρήξοντα.

348 2464 658 2533 Deleatur
701 2467 916 2551 inepta
963 2464 1414 2552 dittographis.

439 2679 560 2746 VI.
616 2677 745 2744 135
794 2678 881 2745 τὰ
928 2678 988 2752 ἐς
1039 2676 1254 2758 ἔρσενα
1301 2676 1539 2757 γόνον
1577 2676 1813 2760 ἄρρητα
1852 2680 1955 2758 ἱρὰ
1994 2679 2359 2761 ἐκφήνασαν
2396 2677 2736 2760 Μιλτιάδῃ.

348 2785 556 2854 Valde
620 2785 788 2852 mihi
849 2788 1222 2871 suspectum
1269 2791 1364 2850 est
1409 2784 1617 2864 γόνον,
1666 2789 1819 2871 quia
1866 2783 2127 2853 Graecis
2172 2809 2348 2852 sexus
2390 2805 2516 2852 non
2562 2783 2736 2865 γόνος

348 2892 566 2966 audit,
631 2890 742 2957 sed
804 2890 1038 2968 γένος
1061 2937 1078 2969 ,
1143 2897 1210 2956 et
1275 2889 1450 2970 ἔρσην
1513 2891 1689 2969 γόνος
1752 2892 2077 2958 Herodoto
2124 2911 2259 2959 esse
2306 2891 2467 2959 solet
2512 2893 2742 2956 suboles

347 3002 610 3064 mascula
675 3005 740 3063 st
800 2999 1096 3084 usurpari
1155 2999 1225 3062 in
1287 2997 1566 3064 formula
1628 2996 1828 3072 ἄπαις
1892 2996 2118 3080 ἔρσενος
2182 2998 2386 3078 γόνου.
2481 2997 2739 3085 Optime

348 3105 610 3171 haberet
654 3104 740 3168 τὰ
790 3105 849 3174 ἐς
899 3102 1194 3183 ἔρσενα
1241 3103 1330 3190 (v.
1380 3103 1655 3192 ἔρσενας)
1701 3103 1937 3187 ἄρρητα
1974 3104 2098 3186 ἱροὶ.

441 3318 558 3386 VI.
607 3315 734 3385 13⁸7
777 3317 985 3384 ἑπεΙτε
1029 3317 1158 3398 γὰρ
1196 3317 1344 3382 ἰδεῖν
1379 3318 1520 3392 τοὺς
1562 3320 1912 3394 ἈθηναΙους
1951 3323 2063 3393 τὴν
2100 3317 2333 3401 χώρην,
2382 3321 2517 3396 τήν
2556 3317 2740 3402 σφί-

347 3449 425 3494 σι
488 3427 820 3491 αὐτοῖσι
889 3425 1003 3490 ὑπὸ
1058 3424 1162 3490 τὸν
1223 3424 1534 3504 ’Τμησσὸν
1582 3427 1797 3491 ἐοῦσαν
1862 3423 2074 3491 ἔδοσαν
2122 3426 2361 3504 οἰκῆσαι
2411 3427 2740 3512 (ἐνοικῆσαι

349 3532 594 3620 Naber)
645 3569 728 3580 -
783 3530 1240 3613 ἐξεργασμένην
1287 3528 1354 3598 εὖ
1405 3569 1466 3578 -
1521 3531 1750 3610 λαβεῖν
1795 3531 2011 3614 φθόνον
2058 3532 2188 3597 κτὲ.
2262 3531 2409 3600 Non
2448 3534 2605 3598 satis
2644 3535 2741 3598 est

350 3659 500 3706 eum
559 3634 891 3703 Dindorfio
947 3635 1156 3702 delere
1217 3638 1456 3702 αὐτοῖσι
1479 3685 1496 3716 ,
1560 3636 1671 3703 sed
1736 3658 1881 3702 eum
1932 3657 2279 3724 pronomen
2326 3642 2568 3723 spectet
2612 3656 2739 3702 non

348 3747 522 3832 ipsos
580 3743 1000 3810 Athenienses
1017 3792 1034 3827 ,
1099 3741 1208 3808 sed
1270 3742 1574 3832 Pelasgos
1591 3792 1608 3827 ,
1664 3743 2004 3809 manifesto
2054 3744 2205 3809 ferri
2251 3746 2474 3830 nequit
2518 3761 2743 3828 prono·

350 3872 498 3918 men
561 3851 974 3935 reflexivum,
1038 3855 1102 3917 et
1158 3843 1590 3935 reponendum
1637 3849 1774 3924 τήν
1826 3856 1971 3930 σφι
2024 3849 2138 3914 ὑπὸ
2188 3851 2321 3916 κτέ.
2376 3847 2583 3914 deleto
2630 3852 2743 3914 sut

350 3959 745 4044 pronominis
792 3953 1139 4042 personalis
1185 3955 1570 4044 glossemate
1614 3958 1883 4030 αὐτοῖσι.
1927 3961 2040 4022 eut
2076 3956 2243 4042 quod
2279 3954 2472 4044 longe
2509 3955 2738 4021 malim

353 4067 495 4140 τήν
551 4075 700 4148 σφι
761 4061 990 4128 αὐτοὶ
1045 4099 1128 4112 -
1179 4060 1410 4128 ἔδοσαν.
1481 4062 1568 4128 Et
1634 4063 1817 4129 αὐτοί
1861 4065 1993 4128 iem
2040 4065 2367 4151 proposuit
2412 4061 2737 4128 Reiskius.

444 4276 563 4343 VI.
617 4275 776 4356 138,
827 4275 889 4343 3.
936 4273 1256 4353 Μαθόντες
1299 4277 1364 4344 δὲ
1405 4281 1620 4342 ταῦτα
1661 4277 1712 4342 οἱ
1760 4275 2079 4355 Πελασγοὶ
2124 4279 2391 4343 ἑαυτοῖσι
2440 4272 2735 4353 λόγους

355 4384 651 4450 ἐδίδοσαν.
721 4383 1024 4450 Perrsrus
1095 4388 1190 4449 est
1261 4386 1325 4448 et
1393 4385 1603 4449 neseio
1680 4404 1760 4448 an
1821 4384 2093 4450 vitiosus
2152 4385 2220 4448 in
2282 4383 2401 4448 hae
2463 4379 2738 4448 formula

351 4510 660 4558 numerus
711 4487 978 4576 pluralis
1039 4510 1152 4576 pro
1215 4487 1528 4578 singulari
1591 4488 1779 4569 λόγον
1798 4536 1816 4570 ,
1882 4491 1992 4576 qui
2054 4495 2313 4577 apparet
2372 4487 2403 4554 I
2466 4486 2571 4556 33.
2624 4484 2731 4553 97.
