<?xml version="1.0" encoding="UTF-8"?>
<!DOCTYPE html PUBLIC "-//W3C//DTD XHTML 1.0 Transitional//EN"
    "http://www.w3.org/TR/xhtml1/DTD/xhtml1-transitional.dtd">
<html xmlns="http://www.w3.org/1999/xhtml" xml:lang="en" lang="en">
 <head>
  <title>
</title>
<meta http-equiv="Content-Type" content="text/html;charset=utf-8" />
  <meta name='ocr-system' content='tesseract 3.04.00' />
  <meta name='ocr-capabilities' content='ocr_page ocr_carea ocr_par ocr_line ocrx_word'/>
</head>
<body>
  <div class='ocr_page' id='page_1' title='image "./mnemosynevolume00verdgoog_0027.png"; bbox 0 0 3436 5161; ppageno 0'>
   <div class='ocr_carea' id='block_1_1' title="bbox 1367 326 2769 395">
    <p class='ocr_par' dir='ltr' id='par_1_1' title="bbox 1367 326 2769 395">
     <span class='ocr_line' id='line_1_1' title="bbox 1367 326 2769 395; baseline -0.001 -1"><span class='ocrx_word' id='word_1_1' title='bbox 1367 344 1767 395; x_wconf 72' lang='lat' dir='ltr'>nunonowus.</span> <span class='ocrx_word' id='word_1_2' title='bbox 2688 326 2769 393; x_wconf 90' lang='grc'>19</span> 
     </span>
    </p>
   </div>
   <div class='ocr_carea' id='block_1_2' title="bbox 377 508 2773 1123">
    <p class='ocr_par' dir='ltr' id='par_1_2' title="bbox 377 508 2773 1123">
     <span class='ocr_line' id='line_1_2' title="bbox 383 508 2770 579; baseline -0 -6"><span class='ocrx_word' id='word_1_3' title='bbox 383 528 532 573; x_wconf 88' lang='lat' dir='ltr'>nem</span> <span class='ocrx_word' id='word_1_4' title='bbox 593 509 894 575; x_wconf 78' lang='lat' dir='ltr'>omissam</span> <span class='ocrx_word' id='word_1_5' title='bbox 954 508 1218 575; x_wconf 80' lang='lat' dir='ltr'>videbis.</span> <span class='ocrx_word' id='word_1_6' title='bbox 1292 508 1399 574; x_wconf 79' lang='lat' dir='ltr'>Sic</span> <span class='ocrx_word' id='word_1_7' title='bbox 1447 532 1508 574; x_wconf 83' lang='lat' dir='ltr'>v.</span> <span class='ocrx_word' id='word_1_8' title='bbox 1561 530 1613 575; x_wconf 80' lang='lat' dir='ltr'>e.</span> <span class='ocrx_word' id='word_1_9' title='bbox 1665 508 1718 573; x_wconf 87' lang='lat' dir='ltr'><strong>V</strong></span> <span class='ocrx_word' id='word_1_10' title='bbox 1775 508 1859 575; x_wconf 87' lang='lat'>98</span> <span class='ocrx_word' id='word_1_11' title='bbox 1910 513 2068 575; x_wconf 83' lang='lat' dir='ltr'>extr.</span> <span class='ocrx_word' id='word_1_12' title='bbox 2126 508 2421 573; x_wconf 84' lang='grc' dir='ltr'><strong><em>άπίκοντο</em></strong></span> <span class='ocrx_word' id='word_1_13' title='bbox 2470 508 2530 579; x_wconf 77' lang='grc' dir='ltr'>ἐς</span> <span class='ocrx_word' id='word_1_14' title='bbox 2580 517 2770 573; x_wconf 85' lang='grc' dir='ltr'><strong><em>Παιο-</em></strong></span> 
     </span>
     <span class='ocr_line' id='line_1_3' title="bbox 384 612 2769 695; baseline 0 -18"><span class='ocrx_word' id='word_1_15' title='bbox 384 616 532 687; x_wconf 84' lang='grc' dir='ltr'><strong><em>νίην.</em></strong></span> <span class='ocrx_word' id='word_1_16' title='bbox 592 612 685 679; x_wconf 86' lang='lat' dir='ltr'>VI</span> <span class='ocrx_word' id='word_1_17' title='bbox 732 616 821 680; x_wconf 84' lang='lat'>24</span> <span class='ocrx_word' id='word_1_18' title='bbox 869 615 1034 680; x_wconf 88' lang='lat' dir='ltr'>med.</span> <span class='ocrx_word' id='word_1_19' title='bbox 1086 614 1146 687; x_wconf 72' lang='grc' dir='ltr'>ἐς</span> <span class='ocrx_word' id='word_1_20' title='bbox 1197 615 1483 689; x_wconf 75' lang='grc' dir='ltr'>Σικελίην</span> <span class='ocrx_word' id='word_1_21' title='bbox 1535 618 1837 695; x_wconf 76' lang='grc' dir='ltr'><strong><em>άπίκετο,</em></strong></span> <span class='ocrx_word' id='word_1_22' title='bbox 1884 614 2013 680; x_wconf 83' lang='lat' dir='ltr'>Vll</span> <span class='ocrx_word' id='word_1_23' title='bbox 2065 614 2143 680; x_wconf 85' lang='lat'>31</span> <span class='ocrx_word' id='word_1_24' title='bbox 2198 626 2357 681; x_wconf 82' lang='lat' dir='ltr'><strong>extr.</strong></span> <span class='ocrx_word' id='word_1_25' title='bbox 2408 616 2668 681; x_wconf 80' lang='grc' dir='ltr'><strong><em>άπίκετο</em></strong></span> <span class='ocrx_word' id='word_1_26' title='bbox 2711 615 2769 687; x_wconf 76' lang='grc' dir='ltr'>ἐς</span> 
     </span>
     <span class='ocr_line' id='line_1_4' title="bbox 383 720 2771 804; baseline -0 -20"><span class='ocrx_word' id='word_1_27' title='bbox 383 724 502 784; x_wconf 81' lang='grc' dir='ltr'>τῶν</span> <span class='ocrx_word' id='word_1_28' title='bbox 550 720 758 785; x_wconf 79' lang='grc' dir='ltr'><strong><em>Λυδῶν</em></strong></span> <span class='ocrx_word' id='word_1_29' title='bbox 805 720 875 785; x_wconf 76' lang='grc' dir='ltr'>τὸ</span> <span class='ocrx_word' id='word_1_30' title='bbox 923 720 1122 804; x_wconf 76' lang='grc' dir='ltr'><strong><em>ἄστυ,</em></strong></span> <span class='ocrx_word' id='word_1_31' title='bbox 1172 723 1285 786; x_wconf 89' lang='lat' dir='ltr'>ubi</span> <span class='ocrx_word' id='word_1_32' title='bbox 1332 722 1717 786; x_wconf 76' lang='grc' dir='ltr'><strong><em>άπικνεῖσθαι</em></strong></span> <span class='ocrx_word' id='word_1_33' title='bbox 1770 730 1865 787; x_wconf 89' lang='lat' dir='ltr'>est</span> <span class='ocrx_word' id='word_1_34' title='bbox 1904 723 2117 785; x_wconf 82' lang='lat' dir='ltr'>redire.</span> <span class='ocrx_word' id='word_1_35' title='bbox 2170 721 2489 786; x_wconf 83' lang='lat' dir='ltr'>Similiter</span> <span class='ocrx_word' id='word_1_36' title='bbox 2528 726 2771 785; x_wconf 74' lang='grc' dir='ltr'><strong><em>ἀποκα-</em></strong></span> 
     </span>
     <span class='ocr_line' id='line_1_5' title="bbox 385 825 2771 912; baseline 0 -22"><span class='ocrx_word' id='word_1_37' title='bbox 385 832 514 891; x_wconf 81' lang='grc' dir='ltr'><strong><em>λεῖν</em></strong></span> <span class='ocrx_word' id='word_1_38' title='bbox 577 826 858 912; x_wconf 87' lang='lat' dir='ltr'>positum</span> <span class='ocrx_word' id='word_1_39' title='bbox 926 826 1175 892; x_wconf 83' lang='lat' dir='ltr'>videbis</span> <span class='ocrx_word' id='word_1_40' title='bbox 1237 848 1425 893; x_wconf 89' lang='lat' dir='ltr'>sensu</span> <span class='ocrx_word' id='word_1_41' title='bbox 1489 830 1808 891; x_wconf 79' lang='lat' dir='ltr'>revocandi</span> <span class='ocrx_word' id='word_1_42' title='bbox 1866 826 1958 892; x_wconf 92' lang='lat' dir='ltr'>III</span> <span class='ocrx_word' id='word_1_43' title='bbox 2020 827 2126 891; x_wconf 82' lang='lat'>53·</span> <span class='ocrx_word' id='word_1_44' title='bbox 2172 836 2235 893; x_wconf 88' lang='lat' dir='ltr'>et</span> <span class='ocrx_word' id='word_1_45' title='bbox 2280 826 2379 891; x_wconf 90' lang='lat' dir='ltr'>IV</span> <span class='ocrx_word' id='word_1_46' title='bbox 2429 825 2596 903; x_wconf 79' lang='lat'>203,</span> <span class='ocrx_word' id='word_1_47' title='bbox 2648 828 2771 891; x_wconf 74' lang='lat' dir='ltr'>nisi</span> 
     </span>
     <span class='ocr_line' id='line_1_6' title="bbox 377 929 2771 1017; baseline -0.002 -18"><span class='ocrx_word' id='word_1_48' title='bbox 377 933 540 999; x_wconf 87' lang='lat' dir='ltr'>forte</span> <span class='ocrx_word' id='word_1_49' title='bbox 603 934 939 1017; x_wconf 81' lang='lat' dir='ltr'>utrobique</span> <span class='ocrx_word' id='word_1_50' title='bbox 1001 934 1214 999; x_wconf 81' lang='lat' dir='ltr'>verius</span> <span class='ocrx_word' id='word_1_51' title='bbox 1275 940 1372 999; x_wconf 89' lang='lat' dir='ltr'>est</span> <span class='ocrx_word' id='word_1_52' title='bbox 1436 935 1795 998; x_wconf 77' lang='grc' dir='ltr'><strong><em>άνακκλεῒν.</em></strong></span> <span class='ocrx_word' id='word_1_53' title='bbox 1883 931 1977 999; x_wconf 86' lang='lat' dir='ltr'>Cf.</span> <span class='ocrx_word' id='word_1_54' title='bbox 2043 933 2286 999; x_wconf 87' lang='lat' dir='ltr'>Mnem.</span> <span class='ocrx_word' id='word_1_55' title='bbox 2366 930 2532 1009; x_wconf 88' lang='lat' dir='ltr'><strong>XII,</strong></span> <span class='ocrx_word' id='word_1_56' title='bbox 2602 929 2771 1014; x_wconf 78' lang='lat'>4083</span> 
     </span>
     <span class='ocr_line' id='line_1_7' title="bbox 384 1038 2773 1123; baseline -0 -21"><span class='ocrx_word' id='word_1_57' title='bbox 384 1040 686 1104; x_wconf 79' lang='grc' dir='ltr'><strong><em>άπέπλωε</em></strong></span> <span class='ocrx_word' id='word_1_58' title='bbox 728 1044 826 1103; x_wconf 90' lang='lat' dir='ltr'>est</span> <span class='ocrx_word' id='word_1_59' title='bbox 864 1048 1026 1103; x_wconf 78' lang='lat' dir='ltr'>retro</span> <span class='ocrx_word' id='word_1_60' title='bbox 1074 1039 1396 1121; x_wconf 72' lang='lat' dir='ltr'>naviqabat</span> <span class='ocrx_word' id='word_1_61' title='bbox 1439 1038 1556 1105; x_wconf 89' lang='lat' dir='ltr'>VII</span> <span class='ocrx_word' id='word_1_62' title='bbox 1604 1038 1732 1104; x_wconf 86' lang='lat'>130</span> <span class='ocrx_word' id='word_1_63' title='bbox 1773 1046 1956 1123; x_wconf 59' lang='lat' dir='ltr'>extr„</span> <span class='ocrx_word' id='word_1_64' title='bbox 1996 1039 2189 1115; x_wconf 81' lang='lat' dir='ltr'>alibi,</span> <span class='ocrx_word' id='word_1_65' title='bbox 2226 1040 2340 1103; x_wconf 89' lang='lat' dir='ltr'>ubi</span> <span class='ocrx_word' id='word_1_66' title='bbox 2382 1038 2530 1103; x_wconf 79' lang='lat' dir='ltr'>dare</span> <span class='ocrx_word' id='word_1_67' title='bbox 2558 1047 2773 1121; x_wconf 88' lang='lat' dir='ltr'>potue-</span> 
     </span>
    </p>
   </div>
   <div class='ocr_carea' id='block_1_3' title="bbox 382 1142 2771 1317">
    <p class='ocr_par' dir='ltr' id='par_1_3' title="bbox 382 1142 2771 1317">
     <span class='ocr_line' id='line_1_8' title="bbox 382 1142 2771 1231; baseline -0 -22"><span class='ocrx_word' id='word_1_68' title='bbox 382 1151 484 1211; x_wconf 80' lang='lat' dir='ltr'>rat</span> <span class='ocrx_word' id='word_1_69' title='bbox 547 1146 1072 1220; x_wconf 73' lang='grc' dir='ltr'><strong><em>άπονοςήσαντες,</em></strong></span> <span class='ocrx_word' id='word_1_70' title='bbox 1133 1146 1298 1231; x_wconf 87' lang='lat' dir='ltr'>quod</span> <span class='ocrx_word' id='word_1_71' title='bbox 1364 1147 1630 1211; x_wconf 83' lang='lat' dir='ltr'>verbum</span> <span class='ocrx_word' id='word_1_72' title='bbox 1699 1149 1759 1210; x_wconf 89' lang='lat' dir='ltr'>ei</span> <span class='ocrx_word' id='word_1_73' title='bbox 1822 1153 1917 1211; x_wconf 86' lang='lat' dir='ltr'>est</span> <span class='ocrx_word' id='word_1_74' title='bbox 1979 1147 2044 1208; x_wconf 90' lang='lat' dir='ltr'>in</span> <span class='ocrx_word' id='word_1_75' title='bbox 2094 1144 2357 1210; x_wconf 79' lang='lat' dir='ltr'>deliciis.</span> <span class='ocrx_word' id='word_1_76' title='bbox 2435 1142 2534 1208; x_wconf 80' lang='lat' dir='ltr'><strong>cf.-</strong></span> <span class='ocrx_word' id='word_1_77' title='bbox 2583 1143 2615 1207; x_wconf 92' lang='lat'><em>1</em></span> <span class='ocrx_word' id='word_1_78' title='bbox 2664 1142 2771 1208; x_wconf 82' lang='lat'>42.</span> 
     </span>
     <span class='ocr_line' id='line_1_9' title="bbox 383 1248 2769 1317; baseline -0.001 -1"><span class='ocrx_word' id='word_1_79' title='bbox 383 1249 493 1317; x_wconf 83' lang='lat'>83.</span> <span class='ocrx_word' id='word_1_80' title='bbox 547 1251 694 1316; x_wconf 79' lang='lat'><strong>111.</strong></span> <span class='ocrx_word' id='word_1_81' title='bbox 740 1248 800 1315; x_wconf 92' lang='lat' dir='ltr'>ll</span> <span class='ocrx_word' id='word_1_82' title='bbox 842 1250 948 1315; x_wconf 84' lang='lat'>33.</span> <span class='ocrx_word' id='word_1_83' title='bbox 999 1250 1148 1317; x_wconf 84' lang='lat'><strong>161.</strong></span> <span class='ocrx_word' id='word_1_84' title='bbox 1189 1250 1282 1317; x_wconf 84' lang='grc' dir='ltr'>ΙΙΙ</span> <span class='ocrx_word' id='word_1_85' title='bbox 1329 1252 1478 1317; x_wconf 81' lang='lat'><strong>124.</strong></span> <span class='ocrx_word' id='word_1_86' title='bbox 1522 1252 1608 1316; x_wconf 90' lang='lat' dir='ltr'>IV</span> <span class='ocrx_word' id='word_1_87' title='bbox 1654 1250 1759 1315; x_wconf 80' lang='lat'>33.</span> <span class='ocrx_word' id='word_1_88' title='bbox 1804 1250 1909 1317; x_wconf 85' lang='lat'>76.</span> <span class='ocrx_word' id='word_1_89' title='bbox 1960 1250 2106 1314; x_wconf 82' lang='lat'><strong>159.</strong></span> <span class='ocrx_word' id='word_1_90' title='bbox 2135 1250 2289 1315; x_wconf 84' lang='lat'><strong>205.</strong></span> <span class='ocrx_word' id='word_1_91' title='bbox 2316 1248 2411 1314; x_wconf 91' lang='lat' dir='ltr'>VI</span> <span class='ocrx_word' id='word_1_92' title='bbox 2438 1248 2769 1315; x_wconf 83' lang='lat'><strong>92—136.</strong></span> 
     </span>
    </p>
   </div>
   <div class='ocr_carea' id='block_1_4' title="bbox 383 1354 2869 1426">
    <p class='ocr_par' dir='ltr' id='par_1_4' title="bbox 383 1354 2869 1426">
     <span class='ocr_line' id='line_1_10' title="bbox 383 1354 2869 1426; baseline -0.001 -5"><span class='ocrx_word' id='word_1_93' title='bbox 383 1356 466 1421; x_wconf 73' lang='lat' dir='ltr'>al.</span> <span class='ocrx_word' id='word_1_94' title='bbox 538 1354 603 1421; x_wconf 80' lang='lat' dir='ltr'>A</span> <span class='ocrx_word' id='word_1_95' title='bbox 663 1359 875 1423; x_wconf 75' lang='lat' dir='ltr'>verbis</span> <span class='ocrx_word' id='word_1_96' title='bbox 939 1377 1012 1421; x_wconf 92' lang='lat' dir='ltr'>eo</span> <span class='ocrx_word' id='word_1_97' title='bbox 1055 1378 1243 1423; x_wconf 87' lang='lat' dir='ltr'>sensu</span> <span class='ocrx_word' id='word_1_98' title='bbox 1290 1357 1357 1422; x_wconf 90' lang='lat' dir='ltr'>in</span> <span class='ocrx_word' id='word_1_99' title='bbox 1406 1357 1628 1423; x_wconf 80' lang='lat' dir='ltr'>Attica</span> <span class='ocrx_word' id='word_1_100' title='bbox 1674 1359 1931 1423; x_wconf 82' lang='lat' dir='ltr'>usitatis</span> <span class='ocrx_word' id='word_1_101' title='bbox 1978 1358 2287 1421; x_wconf 71' lang='grc' dir='ltr'><strong><em>ἐπανιέναι</em></strong></span> <span class='ocrx_word' id='word_1_102' title='bbox 2337 1363 2402 1419; x_wconf 89' lang='lat' dir='ltr'>et</span> <span class='ocrx_word' id='word_1_103' title='bbox 2450 1356 2775 1426; x_wconf 73' lang='grc' dir='ltr'><strong><em>ἐπανήκειν</em></strong></span> <span class='ocrx_word' id='word_1_104' title='bbox 2859 1366 2869 1375; x_wconf 80' lang='grc'><em>·</em></span> 
     </span>
    </p>
   </div>
   <div class='ocr_carea' id='block_1_5' title="bbox 381 1459 2775 1751">
    <p class='ocr_par' dir='ltr' id='par_1_5' title="bbox 381 1459 2775 1751">
     <span class='ocr_line' id='line_1_11' title="bbox 381 1459 2770 1551; baseline -0.002 -24"><span class='ocrx_word' id='word_1_105' title='bbox 381 1462 513 1528; x_wconf 87' lang='lat' dir='ltr'>fere</span> <span class='ocrx_word' id='word_1_106' title='bbox 576 1462 957 1528; x_wconf 74' lang='lat' dir='ltr'>abstinuisse</span> <span class='ocrx_word' id='word_1_107' title='bbox 1019 1462 1292 1528; x_wconf 85' lang='lat' dir='ltr'>videtur.</span> <span class='ocrx_word' id='word_1_108' title='bbox 1382 1462 1595 1529; x_wconf 85' lang='lat' dir='ltr'>Semel</span> <span class='ocrx_word' id='word_1_109' title='bbox 1655 1462 1783 1529; x_wconf 88' lang='lat' dir='ltr'>VII</span> <span class='ocrx_word' id='word_1_110' title='bbox 1852 1462 1982 1527; x_wconf 83' lang='lat'>138</span> <span class='ocrx_word' id='word_1_111' title='bbox 2044 1462 2286 1551; x_wconf 83' lang='lat' dir='ltr'>legitur</span> <span class='ocrx_word' id='word_1_112' title='bbox 2333 1461 2621 1535; x_wconf 73' lang='grc' dir='ltr'><strong><em>ἐπάνειμι</em></strong></span> <span class='ocrx_word' id='word_1_113' title='bbox 2670 1459 2770 1525; x_wconf 74' lang='grc' dir='ltr'>ἐπὶ</span> 
     </span>
     <span class='ocr_line' id='line_1_12' title="bbox 383 1564 2775 1655; baseline -0.001 -22"><span class='ocrx_word' id='word_1_114' title='bbox 383 1571 487 1635; x_wconf 82' lang='grc' dir='ltr'>τὸν</span> <span class='ocrx_word' id='word_1_115' title='bbox 555 1569 833 1648; x_wconf 81' lang='grc' dir='ltr'><strong><em>πρότερον</em></strong></span> <span class='ocrx_word' id='word_1_116' title='bbox 904 1569 1125 1654; x_wconf 71' lang='grc' dir='ltr'><strong><em>λόγον,</em></strong></span> <span class='ocrx_word' id='word_1_117' title='bbox 1188 1570 1298 1633; x_wconf 80' lang='lat' dir='ltr'>sed</span> <span class='ocrx_word' id='word_1_118' title='bbox 1359 1567 1563 1647; x_wconf 81' lang='grc' dir='ltr'><strong><em>ἄνειμι</em></strong></span> <span class='ocrx_word' id='word_1_119' title='bbox 1625 1570 1844 1636; x_wconf 88' lang='lat' dir='ltr'>eodem</span> <span class='ocrx_word' id='word_1_120' title='bbox 1910 1590 2097 1633; x_wconf 88' lang='lat' dir='ltr'>sensu</span> <span class='ocrx_word' id='word_1_121' title='bbox 2156 1568 2399 1655; x_wconf 82' lang='lat' dir='ltr'>legitur</span> <span class='ocrx_word' id='word_1_122' title='bbox 2444 1568 2480 1633; x_wconf 91' lang='grc' dir='ltr'>Ι</span> <span class='ocrx_word' id='word_1_123' title='bbox 2531 1564 2661 1632; x_wconf 83' lang='lat'>140</span> <span class='ocrx_word' id='word_1_124' title='bbox 2710 1573 2775 1631; x_wconf 90' lang='lat' dir='ltr'>et</span> 
     </span>
     <span class='ocr_line' id='line_1_13' title="bbox 384 1673 1403 1751; baseline -0.001 -10"><span class='ocrx_word' id='word_1_125' title='bbox 384 1674 510 1741; x_wconf 86' lang='lat' dir='ltr'>VII</span> <span class='ocrx_word' id='word_1_126' title='bbox 559 1673 690 1741; x_wconf 82' lang='grc'>239</span> <span class='ocrx_word' id='word_1_127' title='bbox 717 1722 734 1751; x_wconf 87' lang='grc'><strong><em>,</em></strong></span> <span class='ocrx_word' id='word_1_128' title='bbox 780 1676 992 1739; x_wconf 83' lang='lat' dir='ltr'>neseio</span> <span class='ocrx_word' id='word_1_129' title='bbox 1039 1696 1118 1740; x_wconf 76' lang='lat' dir='ltr'>an</span> <span class='ocrx_word' id='word_1_130' title='bbox 1172 1678 1403 1740; x_wconf 86' lang='lat' dir='ltr'>verius.</span> 
     </span>
    </p>
   </div>
   <div class='ocr_carea' id='block_1_6' title="bbox 383 1852 2773 2259">
    <p class='ocr_par' dir='ltr' id='par_1_6' title="bbox 383 1852 2773 2259">
     <span class='ocr_line' id='line_1_14' title="bbox 476 1852 2773 1936; baseline 0.001 -15"><span class='ocrx_word' id='word_1_131' title='bbox 476 1854 552 1921; x_wconf 85' lang='lat' dir='ltr'>V.</span> <span class='ocrx_word' id='word_1_132' title='bbox 619 1852 708 1920; x_wconf 81' lang='grc'>43</span> <span class='ocrx_word' id='word_1_133' title='bbox 763 1855 832 1919; x_wconf 67' lang='grc' dir='ltr'><strong><em>ἐκ</em></strong></span> <span class='ocrx_word' id='word_1_134' title='bbox 879 1863 996 1921; x_wconf 78' lang='grc' dir='ltr'>τῶν</span> <span class='ocrx_word' id='word_1_135' title='bbox 1044 1854 1244 1922; x_wconf 76' lang='grc' dir='ltr'><strong><em>Λαΐου</em></strong></span> <span class='ocrx_word' id='word_1_136' title='bbox 1292 1862 1607 1936; x_wconf 81' lang='grc' dir='ltr'><strong><em>χρησμῶν.</em></strong></span> <span class='ocrx_word' id='word_1_137' title='bbox 1681 1854 1857 1933; x_wconf 70' lang='lat' dir='ltr'>Quae</span> <span class='ocrx_word' id='word_1_138' title='bbox 1904 1854 2158 1923; x_wconf 74' lang='lat' dir='ltr'>oracula</span> <span class='ocrx_word' id='word_1_139' title='bbox 2205 1878 2353 1923; x_wconf 85' lang='lat' dir='ltr'>cum</span> <span class='ocrx_word' id='word_1_140' title='bbox 2399 1855 2579 1925; x_wconf 79' lang='lat' dir='ltr'>nulla</span> <span class='ocrx_word' id='word_1_141' title='bbox 2624 1878 2773 1923; x_wconf 88' lang='lat' dir='ltr'>um-</span> 
     </span>
     <span class='ocr_line' id='line_1_15' title="bbox 383 1961 2772 2053; baseline 0.001 -26"><span class='ocrx_word' id='word_1_142' title='bbox 383 1980 579 2048; x_wconf 78' lang='lat' dir='ltr'>quam</span> <span class='ocrx_word' id='word_1_143' title='bbox 645 1961 881 2026; x_wconf 81' lang='lat' dir='ltr'>fuerint</span> <span class='ocrx_word' id='word_1_144' title='bbox 940 1963 1180 2027; x_wconf 78' lang='lat' dir='ltr'>conieci</span> <span class='ocrx_word' id='word_1_145' title='bbox 1243 1962 1493 2033; x_wconf 80' lang='grc' dir='ltr'><strong><em>Βάκιδος</em></strong></span> <span class='ocrx_word' id='word_1_146' title='bbox 1521 2012 1536 2039; x_wconf 89' lang='grc'><em>,</em></span> <span class='ocrx_word' id='word_1_147' title='bbox 1603 1963 1711 2029; x_wconf 86' lang='lat' dir='ltr'>sed</span> <span class='ocrx_word' id='word_1_148' title='bbox 1780 1972 1922 2049; x_wconf 88' lang='lat' dir='ltr'>post</span> <span class='ocrx_word' id='word_1_149' title='bbox 1969 1962 2521 2053; x_wconf 71' lang='lat' dir='ltr'>Valckenaerium.</span> <span class='ocrx_word' id='word_1_150' title='bbox 2588 1964 2772 2030; x_wconf 77' lang='lat' dir='ltr'>Bacis</span> 
     </span>
     <span class='ocr_line' id='line_1_16' title="bbox 385 2066 2773 2155; baseline 0 -22"><span class='ocrx_word' id='word_1_151' title='bbox 385 2073 522 2133; x_wconf 75' lang='lat' dir='ltr'>eret</span> <span class='ocrx_word' id='word_1_152' title='bbox 583 2070 746 2131; x_wconf 86' lang='lat' dir='ltr'>teste</span> <span class='ocrx_word' id='word_1_153' title='bbox 808 2066 1000 2133; x_wconf 88' lang='lat' dir='ltr'>schol.</span> <span class='ocrx_word' id='word_1_154' title='bbox 1052 2066 1198 2133; x_wconf 78' lang='lat' dir='ltr'>Pae.</span> <span class='ocrx_word' id='word_1_155' title='bbox 1256 2066 1424 2137; x_wconf 69' lang='lat'>1071</span> <span class='ocrx_word' id='word_1_156' title='bbox 1479 2071 1625 2149; x_wconf 68' lang='grc' dir='ltr'><strong><em>άνῖιρ</em></strong></span> <span class='ocrx_word' id='word_1_157' title='bbox 1673 2068 2023 2147; x_wconf 73' lang='grc' dir='ltr'><strong><em>Ἐλεώνιος,</em></strong></span> <span class='ocrx_word' id='word_1_158' title='bbox 2072 2076 2149 2133; x_wconf 83' lang='lat' dir='ltr'>ut</span> <span class='ocrx_word' id='word_1_159' title='bbox 2198 2069 2614 2154; x_wconf 81' lang='lat' dir='ltr'>Antichares‚</span> <span class='ocrx_word' id='word_1_160' title='bbox 2660 2072 2773 2155; x_wconf 88' lang='lat' dir='ltr'>qui</span> 
     </span>
     <span class='ocr_line' id='line_1_17' title="bbox 383 2170 2769 2259; baseline 0.002 -23"><span class='ocrx_word' id='word_1_161' title='bbox 383 2171 486 2237; x_wconf 89' lang='lat' dir='ltr'>his</span> <span class='ocrx_word' id='word_1_162' title='bbox 533 2170 807 2237; x_wconf 79' lang='lat' dir='ltr'>oraculis</span> <span class='ocrx_word' id='word_1_163' title='bbox 856 2193 1012 2238; x_wconf 87' lang='lat' dir='ltr'>usus</span> <span class='ocrx_word' id='word_1_164' title='bbox 1057 2194 1192 2239; x_wconf 85' lang='lat' dir='ltr'>esse</span> <span class='ocrx_word' id='word_1_165' title='bbox 1235 2174 1476 2240; x_wconf 82' lang='lat' dir='ltr'>dieitur</span> <span class='ocrx_word' id='word_1_166' title='bbox 1521 2176 1600 2241; x_wconf 80' lang='lat' dir='ltr'>ab</span> <span class='ocrx_word' id='word_1_167' title='bbox 1644 2173 1988 2243; x_wconf 76' lang='lat' dir='ltr'>Herodoto,</span> <span class='ocrx_word' id='word_1_168' title='bbox 2052 2174 2287 2241; x_wconf 82' lang='lat' dir='ltr'>Lenius</span> <span class='ocrx_word' id='word_1_169' title='bbox 2325 2176 2581 2259; x_wconf 86' lang='lat' dir='ltr'>quidem</span> <span class='ocrx_word' id='word_1_170' title='bbox 2603 2221 2619 2253; x_wconf 90' lang='lat'>,</span> <span class='ocrx_word' id='word_1_171' title='bbox 2659 2176 2769 2241; x_wconf 88' lang='lat' dir='ltr'>sed</span> 
     </span>
    </p>
   </div>
   <div class='ocr_carea' id='block_1_7' title="bbox 382 2278 2773 2450">
    <p class='ocr_par' dir='ltr' id='par_1_7' title="bbox 382 2278 2773 2450">
     <span class='ocr_line' id='line_1_18' title="bbox 382 2278 2773 2449; baseline 0.002 -106"><span class='ocrx_word' id='word_1_172' title='bbox 382 2298 508 2449; x_wconf 58' lang='lat' dir='ltr'>gon</span> <span class='ocrx_word' id='word_1_173' title='bbox 556 2278 948 2364; x_wconf 76' lang='lat' dir='ltr'>probabilius</span> <span class='ocrx_word' id='word_1_174' title='bbox 994 2300 1101 2345; x_wconf 90' lang='lat' dir='ltr'>me</span> <span class='ocrx_word' id='word_1_175' title='bbox 1145 2280 1358 2347; x_wconf 83' lang='lat' dir='ltr'>iudice</span> <span class='ocrx_word' id='word_1_176' title='bbox 1404 2280 1730 2348; x_wconf 76' lang='lat' dir='ltr'>Dobraeus</span> <span class='ocrx_word' id='word_1_177' title='bbox 1777 2282 1939 2347; x_wconf 81' lang='lat' dir='ltr'><strong>Adv.</strong></span> <span class='ocrx_word' id='word_1_178' title='bbox 1991 2278 2023 2345; x_wconf 92' lang='lat'>1</span> <span class='ocrx_word' id='word_1_179' title='bbox 2070 2280 2151 2347; x_wconf 83' lang='lat'>31</span> <span class='ocrx_word' id='word_1_180' title='bbox 2205 2280 2422 2347; x_wconf 89' lang='grc' dir='ltr'><strong><em>Λάσου</em></strong></span> <span class='ocrx_word' id='word_1_181' title='bbox 2445 2329 2462 2359; x_wconf 85' lang='grc'><em>,</em></span> <span class='ocrx_word' id='word_1_182' title='bbox 2506 2280 2607 2347; x_wconf 78' lang='lat'><strong>011.</strong></span> <span class='ocrx_word' id='word_1_183' title='bbox 2654 2280 2773 2347; x_wconf 85' lang='lat' dir='ltr'>vn</span> 
     </span>
     <span class='ocr_line' id='line_1_19' title="bbox 433 2383 2314 2450; baseline 0.002 -1"><span class='ocrx_word' id='word_1_184' title='bbox 433 2432 449 2449; x_wconf 90' lang='lat'><strong>.</strong></span> <span class='ocrx_word' id='word_1_185' title='bbox 505 2383 615 2450; x_wconf 86' lang='lat'>94.</span> <span class='ocrx_word' id='word_1_186' title='bbox 845 2390 864 2408; x_wconf 74' lang='lat'>⁸</span> <span class='ocrx_word' id='word_1_187' title='bbox 2306 2398 2314 2403; x_wconf 83' lang='lat'>&#39;</span> 
     </span>
    </p>
   </div>
   <div class='ocr_carea' id='block_1_8' title="bbox 388 2552 2773 2728">
    <p class='ocr_par' dir='ltr' id='par_1_8' title="bbox 388 2552 2773 2728">
     <span class='ocr_line' id='line_1_20' title="bbox 473 2552 2773 2640; baseline 0.001 -22"><span class='ocrx_word' id='word_1_188' title='bbox 473 2552 552 2621; x_wconf 89' lang='lat' dir='ltr'>V.</span> <span class='ocrx_word' id='word_1_189' title='bbox 617 2553 707 2620; x_wconf 85' lang='lat'>44</span> <span class='ocrx_word' id='word_1_190' title='bbox 761 2558 918 2620; x_wconf 83' lang='lat' dir='ltr'>extr.</span> <span class='ocrx_word' id='word_1_191' title='bbox 970 2552 1056 2621; x_wconf 82' lang='grc' dir='ltr'>τά</span> <span class='ocrx_word' id='word_1_192' title='bbox 1102 2553 1204 2634; x_wconf 69' lang='grc' dir='ltr'>ἱρά</span> <span class='ocrx_word' id='word_1_193' title='bbox 1247 2556 1316 2620; x_wconf 81' lang='grc' dir='ltr'><strong><em>οὐ</em></strong></span> <span class='ocrx_word' id='word_1_194' title='bbox 1364 2557 1702 2635; x_wconf 75' lang='grc' dir='ltr'><strong><em>προεχώρεε</em></strong></span> <span class='ocrx_word' id='word_1_195' title='bbox 1755 2552 2076 2640; x_wconf 66' lang='lat' dir='ltr'>[mmuh]</span> <span class='ocrx_word' id='word_1_196' title='bbox 2118 2553 2397 2637; x_wconf 79' lang='grc' dir='ltr'><strong><em>θυομένῳ.</em></strong></span> <span class='ocrx_word' id='word_1_197' title='bbox 2470 2553 2773 2623; x_wconf 70' lang='lat' dir='ltr'>Deleatur</span> 
     </span>
     <span class='ocr_line' id='line_1_21' title="bbox 388 2659 733 2728; baseline 0 -1"><span class='ocrx_word' id='word_1_198' title='bbox 388 2659 733 2728; x_wconf 69' lang='lat' dir='ltr'>emblema.</span> 
     </span>
    </p>
   </div>
   <div class='ocr_carea' id='block_1_9' title="bbox 383 2825 2774 3544">
    <p class='ocr_par' dir='ltr' id='par_1_9' title="bbox 383 2825 2774 3544">
     <span class='ocr_line' id='line_1_22' title="bbox 475 2825 2771 2912; baseline 0.002 -20"><span class='ocrx_word' id='word_1_199' title='bbox 475 2825 551 2892; x_wconf 87' lang='lat' dir='ltr'>V.</span> <span class='ocrx_word' id='word_1_200' title='bbox 603 2825 728 2905; x_wconf 88' lang='grc'>49,</span> <span class='ocrx_word' id='word_1_201' title='bbox 778 2827 821 2891; x_wconf 85' lang='grc'>4</span> <span class='ocrx_word' id='word_1_202' title='bbox 869 2826 1116 2908; x_wconf 76' lang='grc' dir='ltr'><strong><em>ἔχοντες</em></strong></span> <span class='ocrx_word' id='word_1_203' title='bbox 1171 2865 1254 2876; x_wconf 61' lang='grc' dir='ltr'>-ν-</span> <span class='ocrx_word' id='word_1_204' title='bbox 1304 2826 1658 2906; x_wconf 70' lang='grc' dir='ltr'><strong><em>κυρβασίας</em></strong></span> <span class='ocrx_word' id='word_1_205' title='bbox 1709 2825 1841 2892; x_wconf 68' lang='grc' dir='ltr'>ἐπὶ</span> <span class='ocrx_word' id='word_1_206' title='bbox 1888 2837 2029 2910; x_wconf 70' lang='grc' dir='ltr'><strong><em>τῇσι</em></strong></span> <span class='ocrx_word' id='word_1_207' title='bbox 2079 2834 2418 2912; x_wconf 66' lang='grc' dir='ltr'><strong><em>κεφαλῇσι.</em></strong></span> <span class='ocrx_word' id='word_1_208' title='bbox 2481 2830 2771 2897; x_wconf 86' lang='lat' dir='ltr'>Herodo-</span> 
     </span>
     <span class='ocr_line' id='line_1_23' title="bbox 383 2931 2773 3026; baseline 0.003 -30"><span class='ocrx_word' id='word_1_209' title='bbox 383 2937 491 2997; x_wconf 85' lang='lat' dir='ltr'>tus</span> <span class='ocrx_word' id='word_1_210' title='bbox 554 2937 619 2998; x_wconf 92' lang='lat' dir='ltr'>et</span> <span class='ocrx_word' id='word_1_211' title='bbox 678 2931 890 2998; x_wconf 79' lang='lat' dir='ltr'>Attici</span> <span class='ocrx_word' id='word_1_212' title='bbox 951 2933 1029 2998; x_wconf 87' lang='lat' dir='ltr'>de</span> <span class='ocrx_word' id='word_1_213' title='bbox 1091 2935 1368 3006; x_wconf 82' lang='lat' dir='ltr'>coronis.</span> <span class='ocrx_word' id='word_1_214' title='bbox 1418 2932 1636 3019; x_wconf 88' lang='lat' dir='ltr'>pileis,</span> <span class='ocrx_word' id='word_1_215' title='bbox 1681 2932 1925 3020; x_wconf 79' lang='lat' dir='ltr'>galeis.</span> <span class='ocrx_word' id='word_1_216' title='bbox 1974 2939 2041 2998; x_wconf 89' lang='lat' dir='ltr'>et</span> <span class='ocrx_word' id='word_1_217' title='bbox 2087 2937 2314 3020; x_wconf 83' lang='lat' dir='ltr'>quovis</span> <span class='ocrx_word' id='word_1_218' title='bbox 2359 2937 2588 3022; x_wconf 75' lang='lat' dir='ltr'>eapitis</span> <span class='ocrx_word' id='word_1_219' title='bbox 2636 2941 2773 3026; x_wconf 82' lang='lat' dir='ltr'>teg-</span> 
     </span>
     <span class='ocr_line' id='line_1_24' title="bbox 384 3039 2769 3124; baseline 0.003 -22"><span class='ocrx_word' id='word_1_220' title='bbox 384 3040 560 3102; x_wconf 88' lang='lat' dir='ltr'>mine</span> <span class='ocrx_word' id='word_1_221' title='bbox 624 3043 934 3122; x_wconf 81' lang='lat' dir='ltr'>usurpant</span> <span class='ocrx_word' id='word_1_222' title='bbox 994 3041 1522 3124; x_wconf 82' lang='lat' dir='ltr'>praepositionem</span> <span class='ocrx_word' id='word_1_223' title='bbox 1587 3039 1762 3118; x_wconf 85' lang='grc' dir='ltr'><strong><em>περί,</em></strong></span> <span class='ocrx_word' id='word_1_224' title='bbox 1812 3060 2003 3123; x_wconf 81' lang='lat' dir='ltr'>quam</span> <span class='ocrx_word' id='word_1_225' title='bbox 2053 3039 2123 3106; x_wconf 90' lang='lat' dir='ltr'>hi</span> <span class='ocrx_word' id='word_1_226' title='bbox 2170 3061 2320 3106; x_wconf 82' lang='lat' dir='ltr'>cum</span> <span class='ocrx_word' id='word_1_227' title='bbox 2369 3046 2769 3120; x_wconf 73' lang='lat' dir='ltr'>aecusatiw,</span> 
     </span>
     <span class='ocr_line' id='line_1_25' title="bbox 385 3142 2774 3233; baseline 0.003 -25"><span class='ocrx_word' id='word_1_228' title='bbox 385 3142 497 3208; x_wconf 90' lang='lat' dir='ltr'>ille</span> <span class='ocrx_word' id='word_1_229' title='bbox 559 3164 707 3208; x_wconf 82' lang='lat' dir='ltr'>eum</span> <span class='ocrx_word' id='word_1_230' title='bbox 765 3143 982 3208; x_wconf 81' lang='lat' dir='ltr'>dativo</span> <span class='ocrx_word' id='word_1_231' title='bbox 1027 3144 1292 3231; x_wconf 82' lang='lat' dir='ltr'>iungere</span> <span class='ocrx_word' id='word_1_232' title='bbox 1339 3143 1589 3210; x_wconf 80' lang='lat' dir='ltr'>assolet.</span> <span class='ocrx_word' id='word_1_233' title='bbox 1664 3144 2208 3230; x_wconf 79' lang='lat' dir='ltr'>Praepositionem</span> <span class='ocrx_word' id='word_1_234' title='bbox 2256 3147 2423 3232; x_wconf 81' lang='lat' dir='ltr'>apud</span> <span class='ocrx_word' id='word_1_235' title='bbox 2471 3156 2774 3233; x_wconf 86' lang='lat' dir='ltr'>utrosque</span> 
     </span>
     <span class='ocr_line' id='line_1_26' title="bbox 385 3250 2771 3337; baseline 0.003 -23"><span class='ocrx_word' id='word_1_236' title='bbox 385 3254 641 3334; x_wconf 86' lang='lat' dir='ltr'>propter</span> <span class='ocrx_word' id='word_1_237' title='bbox 701 3251 1061 3333; x_wconf 71' lang='lat' dir='ltr'>aequiorum</span> <span class='ocrx_word' id='word_1_238' title='bbox 1131 3271 1318 3314; x_wconf 88' lang='lat' dir='ltr'>usum</span> <span class='ocrx_word' id='word_1_239' title='bbox 1383 3251 1489 3315; x_wconf 76' lang='grc' dir='ltr'><strong><em>ἐπί</em></strong></span> <span class='ocrx_word' id='word_1_240' title='bbox 1541 3250 1987 3316; x_wconf 79' lang='lat' dir='ltr'>adhibentium</span> <span class='ocrx_word' id='word_1_241' title='bbox 2036 3254 2405 3337; x_wconf 78' lang='lat' dir='ltr'>saepissime</span> <span class='ocrx_word' id='word_1_242' title='bbox 2452 3254 2771 3320; x_wconf 76' lang='lat' dir='ltr'>oblittera·</span> 
     </span>
     <span class='ocr_line' id='line_1_27' title="bbox 387 3351 2765 3442; baseline 0.003 -24"><span class='ocrx_word' id='word_1_243' title='bbox 387 3357 522 3418; x_wconf 80' lang='lat' dir='ltr'>tam</span> <span class='ocrx_word' id='word_1_244' title='bbox 585 3351 860 3420; x_wconf 82' lang='lat' dir='ltr'>fideliter</span> <span class='ocrx_word' id='word_1_245' title='bbox 920 3354 1072 3419; x_wconf 89' lang='lat' dir='ltr'>libri</span> <span class='ocrx_word' id='word_1_246' title='bbox 1137 3364 1200 3421; x_wconf 91' lang='lat' dir='ltr'>et</span> <span class='ocrx_word' id='word_1_247' title='bbox 1254 3354 1410 3420; x_wconf 81' lang='lat' dir='ltr'>alibi</span> <span class='ocrx_word' id='word_1_248' title='bbox 1457 3357 1967 3442; x_wconf 87' lang='lat' dir='ltr'>frequentissime</span> <span class='ocrx_word' id='word_1_249' title='bbox 2012 3365 2345 3425; x_wconf 77' lang='lat' dir='ltr'>servarunt</span> <span class='ocrx_word' id='word_1_250' title='bbox 2391 3368 2457 3426; x_wconf 88' lang='lat' dir='ltr'>et</span> <span class='ocrx_word' id='word_1_251' title='bbox 2503 3360 2635 3426; x_wconf 85' lang='lat' dir='ltr'>VII</span> <span class='ocrx_word' id='word_1_252' title='bbox 2684 3359 2765 3427; x_wconf 90' lang='lat'>61</span> 
     </span>
     <span class='ocr_line' id='line_1_28' title="bbox 385 3457 1976 3544; baseline 0.003 -22"><span class='ocrx_word' id='word_1_253' title='bbox 385 3459 529 3524; x_wconf 85' lang='lat' dir='ltr'>init.</span> <span class='ocrx_word' id='word_1_254' title='bbox 581 3459 762 3538; x_wconf 85' lang='grc' dir='ltr'><strong><em>περ)</em></strong></span> <span class='ocrx_word' id='word_1_255' title='bbox 811 3461 923 3538; x_wconf 79' lang='grc' dir='ltr'>μὲν</span> <span class='ocrx_word' id='word_1_256' title='bbox 971 3470 1111 3544; x_wconf 67' lang='grc' dir='ltr'><strong><em>τῇσι</em></strong></span> <span class='ocrx_word' id='word_1_257' title='bbox 1158 3467 1478 3542; x_wconf 70' lang='grc' dir='ltr'><strong><em>κεφαλῇσι</em></strong></span> <span class='ocrx_word' id='word_1_258' title='bbox 1525 3457 1698 3543; x_wconf 79' lang='grc' dir='ltr'><strong><em>εἶχον</em></strong></span> <span class='ocrx_word' id='word_1_259' title='bbox 1744 3463 1976 3542; x_wconf 77' lang='grc' dir='ltr'><strong><em>τιῆρας.</em></strong></span> 
     </span>
    </p>
   </div>
   <div class='ocr_carea' id='block_1_10' title="bbox 383 3623 2771 3818">
    <p class='ocr_par' dir='ltr' id='par_1_10' title="bbox 383 3623 2771 3818">
     <span class='ocr_line' id='line_1_29' title="bbox 478 3623 2771 3717; baseline 0.004 -27"><span class='ocrx_word' id='word_1_260' title='bbox 478 3624 556 3690; x_wconf 82' lang='lat' dir='ltr'>V.</span> <span class='ocrx_word' id='word_1_261' title='bbox 626 3623 752 3714; x_wconf 15' lang='lat'>49¹,</span> <span class='ocrx_word' id='word_1_262' title='bbox 821 3626 862 3692; x_wconf 86' lang='lat'>4</span> <span class='ocrx_word' id='word_1_263' title='bbox 925 3631 1082 3692; x_wconf 83' lang='lat' dir='ltr'>extr.</span> <span class='ocrx_word' id='word_1_264' title='bbox 1137 3629 1582 3717; x_wconf 69' lang='lat' dir='ltr'>corrigendum</span> <span class='ocrx_word' id='word_1_265' title='bbox 1633 3635 1792 3715; x_wconf 85' lang='lat' dir='ltr'>puto</span> <span class='ocrx_word' id='word_1_266' title='bbox 1836 3630 1923 3695; x_wconf 75' lang='grc' dir='ltr'>τὰ</span> <span class='ocrx_word' id='word_1_267' title='bbox 1970 3632 2136 3712; x_wconf 61' lang='lat' dir='ltr'>Ova&amp;</span> <span class='ocrx_word' id='word_1_268' title='bbox 2184 3632 2549 3713; x_wconf 73' lang='grc' dir='ltr'><strong><em>βουλόμενοι</em></strong></span> <span class='ocrx_word' id='word_1_269' title='bbox 2594 3635 2771 3701; x_wconf 76' lang='grc' dir='ltr'><strong><em>αὐτοὶ</em></strong></span> 
     </span>
     <span class='ocr_line' id='line_1_30' title="bbox 383 3728 1630 3818; baseline 0.002 -22"><span class='ocrx_word' id='word_1_270' title='bbox 383 3728 462 3796; x_wconf 76' lang='grc' dir='ltr'>ἂν</span> <span class='ocrx_word' id='word_1_271' title='bbox 518 3739 782 3816; x_wconf 73' lang='grc' dir='ltr'><strong><em>(ἰχοῒτε,</em></strong></span> <span class='ocrx_word' id='word_1_272' title='bbox 829 3753 944 3818; x_wconf 88' lang='lat' dir='ltr'>pro</span> <span class='ocrx_word' id='word_1_273' title='bbox 995 3742 1256 3812; x_wconf 73' lang='grc' dir='ltr'><strong><em>Εχοιτε,</em></strong></span> <span class='ocrx_word' id='word_1_274' title='bbox 1305 3735 1630 3817; x_wconf 72' lang='lat' dir='ltr'>potiemini.</span> 
     </span>
    </p>
   </div>
   <div class='ocr_carea' id='block_1_11' title="bbox 379 3899 2775 4526">
    <p class='ocr_par' dir='ltr' id='par_1_11' title="bbox 379 3899 2775 4526">
     <span class='ocr_line' id='line_1_31' title="bbox 475 3899 2771 3991; baseline 0.005 -27"><span class='ocrx_word' id='word_1_275' title='bbox 475 3899 550 3964; x_wconf 88' lang='lat' dir='ltr'>V.</span> <span class='ocrx_word' id='word_1_276' title='bbox 601 3899 724 3978; x_wconf 85' lang='grc'>49,</span> <span class='ocrx_word' id='word_1_277' title='bbox 778 3900 838 3965; x_wconf 86' lang='grc'><strong>6.</strong></span> <span class='ocrx_word' id='word_1_278' title='bbox 887 3901 988 3966; x_wconf 82' lang='lat' dir='ltr'>Ad</span> <span class='ocrx_word' id='word_1_279' title='bbox 1034 3901 1422 3987; x_wconf 87' lang='lat' dir='ltr'>reliquorum</span> <span class='ocrx_word' id='word_1_280' title='bbox 1472 3903 1840 3989; x_wconf 87' lang='lat' dir='ltr'>exemplum</span> <span class='ocrx_word' id='word_1_281' title='bbox 1892 3904 2354 3991; x_wconf 88' lang='lat' dir='ltr'>supplendum:</span> <span class='ocrx_word' id='word_1_282' title='bbox 2412 3915 2663 3986; x_wconf 72' lang='grc' dir='ltr'><strong><em>Φρυγῶν</em></strong></span> <span class='ocrx_word' id='word_1_283' title='bbox 2710 3907 2771 3975; x_wconf 64' lang='grc' dir='ltr'>δὲ</span> 
     </span>
     <span class='ocr_line' id='line_1_32' title="bbox 383 4003 2775 4099; baseline 0.004 -28"><span class='ocrx_word' id='word_1_284' title='bbox 383 4003 636 4084; x_wconf 74' lang='grc' dir='ltr'><strong><em>ἔχονται</em></strong></span> <span class='ocrx_word' id='word_1_285' title='bbox 697 4009 1120 4072; x_wconf 71' lang='grc' dir='ltr'><strong><em>Καππαδόκαι</em></strong></span> <span class='ocrx_word' id='word_1_286' title='bbox 1187 4007 1442 4093; x_wconf 78' lang='grc' dir='ltr'><strong><em>&lt;οῗδε&gt;</em></strong></span> <span class='ocrx_word' id='word_1_287' title='bbox 1513 4010 1640 4074; x_wconf 76' lang='grc' dir='ltr'>κτὲ.</span> <span class='ocrx_word' id='word_1_288' title='bbox 1736 4010 1905 4076; x_wconf 79' lang='lat' dir='ltr'>Nem</span> <span class='ocrx_word' id='word_1_289' title='bbox 1978 4013 2383 4099; x_wconf 77' lang='lat' dir='ltr'>Aristagoras</span> <span class='ocrx_word' id='word_1_290' title='bbox 2444 4010 2775 4082; x_wconf 79' lang='lat' dir='ltr'>Cleomeni</span> 
     </span>
     <span class='ocr_line' id='line_1_33' title="bbox 385 4109 2772 4198; baseline 0.004 -22"><span class='ocrx_word' id='word_1_291' title='bbox 385 4109 572 4189; x_wconf 75' lang='grc' dir='ltr'><strong><em>ἔλεγε</em></strong></span> <span class='ocrx_word' id='word_1_292' title='bbox 633 4117 842 4178; x_wconf 80' lang='grc' dir='ltr'><strong><em>ταῦτα</em></strong></span> <span class='ocrx_word' id='word_1_293' title='bbox 909 4113 1138 4186; x_wconf 77' lang='grc' dir='ltr'><strong><em>δεικνὺς</em></strong></span> <span class='ocrx_word' id='word_1_294' title='bbox 1201 4115 1259 4186; x_wconf 68' lang='lat'>30</span> <span class='ocrx_word' id='word_1_295' title='bbox 1327 4123 1436 4187; x_wconf 77' lang='grc' dir='ltr'>τῆς</span> <span class='ocrx_word' id='word_1_296' title='bbox 1501 4123 1620 4192; x_wconf 72' lang='grc' dir='ltr'>γῆς</span> <span class='ocrx_word' id='word_1_297' title='bbox 1687 4121 1796 4190; x_wconf 66' lang='grc' dir='ltr'>τὴν</span> <span class='ocrx_word' id='word_1_298' title='bbox 1859 4118 2160 4193; x_wconf 79' lang='grc' dir='ltr'><strong><em>περίοδον,</em></strong></span> <span class='ocrx_word' id='word_1_299' title='bbox 2223 4121 2335 4193; x_wconf 60' lang='grc' dir='ltr'><strong><em>τῖεν</em></strong></span> <span class='ocrx_word' id='word_1_300' title='bbox 2400 4121 2650 4198; x_wconf 71' lang='grc' dir='ltr'><strong><em>ἐφέρετο</em></strong></span> <span class='ocrx_word' id='word_1_301' title='bbox 2712 4123 2772 4185; x_wconf 74' lang='grc' dir='ltr'>ἐν</span> 
     </span>
     <span class='ocr_line' id='line_1_34' title="bbox 383 4219 2771 4298; baseline 0.005 -17"><span class='ocrx_word' id='word_1_302' title='bbox 383 4219 468 4298; x_wconf 75' lang='grc' dir='ltr'>τῷ</span> <span class='ocrx_word' id='word_1_303' title='bbox 533 4220 746 4283; x_wconf 85' lang='grc' dir='ltr'><strong><em>πίνακι</em></strong></span> <span class='ocrx_word' id='word_1_304' title='bbox 814 4219 1288 4296; x_wconf 76' lang='grc' dir='ltr'><strong><em>ἐντετμημένην.</em></strong></span> <span class='ocrx_word' id='word_1_305' title='bbox 1375 4219 1465 4286; x_wconf 79' lang='lat' dir='ltr'>Ut</span> <span class='ocrx_word' id='word_1_306' title='bbox 1522 4242 1670 4287; x_wconf 79' lang='lat' dir='ltr'>vero</span> <span class='ocrx_word' id='word_1_307' title='bbox 1717 4221 1945 4286; x_wconf 86' lang='lat' dir='ltr'>deinde</span> <span class='ocrx_word' id='word_1_308' title='bbox 1995 4223 2348 4290; x_wconf 80' lang='lat' dir='ltr'>scribamus</span> <span class='ocrx_word' id='word_1_309' title='bbox 2395 4229 2658 4291; x_wconf 83' lang='grc' dir='ltr'><strong><em>τούτοισι</em></strong></span> <span class='ocrx_word' id='word_1_310' title='bbox 2709 4226 2771 4292; x_wconf 69' lang='grc' dir='ltr'>δὲ</span> 
     </span>
     <span class='ocr_line' id='line_1_35' title="bbox 383 4324 2773 4418; baseline 0.005 -29"><span class='ocrx_word' id='word_1_311' title='bbox 383 4325 684 4403; x_wconf 66' lang='grc' dir='ltr'><strong><em>πρὲσουροι</em></strong></span> <span class='ocrx_word' id='word_1_312' title='bbox 735 4324 994 4399; x_wconf 77' lang='grc' dir='ltr'><strong><em>&lt;οἵδε&gt;</em></strong></span> <span class='ocrx_word' id='word_1_313' title='bbox 1049 4333 1292 4398; x_wconf 80' lang='grc' dir='ltr'><strong><em>Κίλικες</em></strong></span> <span class='ocrx_word' id='word_1_314' title='bbox 1343 4346 1500 4412; x_wconf 88' lang='lat' dir='ltr'>opus</span> <span class='ocrx_word' id='word_1_315' title='bbox 1544 4348 1666 4393; x_wconf 90' lang='lat' dir='ltr'>non</span> <span class='ocrx_word' id='word_1_316' title='bbox 1710 4349 1845 4393; x_wconf 88' lang='lat' dir='ltr'>esse</span> <span class='ocrx_word' id='word_1_317' title='bbox 1894 4327 2183 4407; x_wconf 81' lang='lat' dir='ltr'>videtur,</span> <span class='ocrx_word' id='word_1_318' title='bbox 2231 4338 2560 4417; x_wconf 76' lang='lat' dir='ltr'>propterea</span> <span class='ocrx_word' id='word_1_319' title='bbox 2605 4331 2773 4418; x_wconf 88' lang='lat' dir='ltr'>quod</span> 
     </span>
     <span class='ocr_line' id='line_1_36' title="bbox 379 4433 1889 4526; baseline 0.001 -26"><span class='ocrx_word' id='word_1_320' title='bbox 379 4433 673 4520; x_wconf 69' lang='lat' dir='ltr'>sequitur</span> <span class='ocrx_word' id='word_1_321' title='bbox 721 4435 1094 4511; x_wconf 75' lang='grc' dir='ltr'><strong><em>κατήκοντες</em></strong></span> <span class='ocrx_word' id='word_1_322' title='bbox 1121 4491 1124 4494; x_wconf 90' lang='grc'><strong>.</strong></span> <span class='ocrx_word' id='word_1_323' title='bbox 1146 4435 1205 4508; x_wconf 76' lang='grc' dir='ltr'>ἐς</span> <span class='ocrx_word' id='word_1_324' title='bbox 1225 4521 1230 4526; x_wconf 26' lang='grc'><em>“</em></span> <span class='ocrx_word' id='word_1_325' title='bbox 1257 4434 1582 4500; x_wconf 81' lang='grc' dir='ltr'><strong><em>θάλασσαν</em></strong></span> <span class='ocrx_word' id='word_1_326' title='bbox 1631 4458 1669 4500; x_wconf 95' lang='grc' dir='ltr'><strong><em>τ</em></strong></span> <span class='ocrx_word' id='word_1_327' title='bbox 1687 4435 1722 4512; x_wconf 76' lang='grc' dir='ltr'><em>ἦ</em></span> <span class='ocrx_word' id='word_1_328' title='bbox 1742 4460 1771 4499; x_wconf 85' lang='grc' dir='ltr'><strong><em>ν</em></strong></span> <span class='ocrx_word' id='word_1_329' title='bbox 1788 4433 1823 4502; x_wconf 81' lang='grc' dir='ltr'>δ</span> <span class='ocrx_word' id='word_1_330' title='bbox 1838 4457 1889 4502; x_wconf 84' lang='grc' dir='ltr'>ε.</span> 
     </span>
    </p>
   </div>
  </div>
 </body>
</html>
