3436 5161
1395 386 1791 441 monemus.
2695 364 2783 433 23

481 551 554 617 V.
608 552 694 620 77
743 558 900 619 extr.
942 552 1020 619 In
1059 552 1254 619 Ineor.
1295 556 1424 619 Act.
1468 552 1789 637 (Kirchh.)
1835 545 1869 619 '1
1910 550 2041 618 334
2083 574 2159 619 ex
2196 557 2409 617 vetere
2433 552 2759 639 epigram-

395 664 568 725 mate
627 680 750 725 non
812 662 938 724 nisi
999 681 1236 745 paucae
1293 658 1546 726 litterae
1608 658 1699 745 (v.
1764 660 1806 723 2
1872 666 2434 731 ENAIONEPPM
2500 662 2565 723 et
2618 680 2674 725 v.
2728 656 2770 721 4

395 771 778 842 ΠΠΟΣΔΕ)
827 773 1114 831 servatae
1157 772 1307 831 sunt
1328 817 1342 842 ,
1393 768 1488 831 ita
1535 771 1607 832 nt
1653 787 1732 832 ex
1770 764 2087 851 relliquiis
2122 768 2270 831 seiri
2307 772 2580 851 nequeat
2617 764 2771 850 quid

395 872 553 938 olim
603 894 695 939 vs.
746 870 881 937 3tio
927 871 1170 937 lectum
1225 872 1418 939 fuerit

745 977 948 1060 δεσμῷ
996 978 1054 1041 ἐν
1104 976 1566 1058 ἀχλυόεντι
1616 974 1863 1057 σιδηρέῳ
1911 975 2183 1053 ἔσβεσαν
2234 972 2429 1056 ὕβριν.

395 1084 848 1173 Peringeniosa
915 1104 1065 1151 vero
1109 1091 1175 1150 et
1221 1088 1393 1149 certa
1439 1086 1800 1149 coniectura
1843 1082 2176 1148 Heckerus
2220 1087 2431 1147 noster
2487 1080 2645 1147 olim
2695 1101 2773 1146 ex

394 1192 547 1259 libri
593 1188 644 1259 O
689 1190 960 1258 lectione
1009 1198 1513 1256 AXN'reeNTI
1562 1190 1654 1277 (in
1706 1200 1807 1254 As
1858 1194 1952 1255 est
1995 1188 2771 1271 AxNTNeeNT1)rep-

393 1300 562 1385 perit
623 1319 840 1365 veram
902 1300 1279 1383 scripturam
1344 1297 1793 1378 οὶχνυόεντι
1855 1300 2221 1381 comparata
2282 1293 2497 1381 glossa.
2564 1292 2761 1373 οὶχνὺς

399 1402 661 1484 -τοῖχος
710 1404 878 1489 apud
925 1402 1146 1490 Etym.
1195 1402 1288 1468 M.
1338 1425 1400 1489 p.
1457 1400 1618 1487 165,
1673 1406 1702 1467 1
1759 1404 1869 1487 qui
1917 1404 2075 1466 eitat
2116 1420 2371 1465 versum

744 1518 853 1583 τῆς
902 1510 954 1573 δ’
1003 1508 1452 1587 ὃλυφυρομένης
1502 1510 1674 1586 ἄμφ’
1726 1506 1913 1589 οὶχνύι
1960 1504 2205 1583 εἴβεται
2260 1506 2425 1570 αἲῶν.

402 1614 623 1700 Itaque
680 1614 1005 1696 οἱχνυόεντι
1068 1614 1240 1679 valet
1303 1614 1690 1691 ἀλγινόεντι,
1758 1634 1886 1698 quo
1942 1618 2160 1697 poeta,
2207 1612 2261 1676 si
2306 1612 2633 1695 libuisset,
2682 1612 2783 1675 uti

402 1724 733 1805 potuisset.
819 1720 1277 1785 Emendatione
1323 1721 1456 1783 iam
1501 1719 1660 1785 olim
1707 1727 1957 1803 recepta
2006 1737 2042 1782 a
2092 1716 2424 1782 Duebnero
2470 1720 2539 1782 in
2589 1718 2779 1781 Anth.

361 1824 540 1891 Pal.
599 1824 687 1890 VI
759 1823 888 1889 343
937 1825 1193 1890 tandem
1241 1824 1490 1889 fruatur
1536 1822 1922 1889 Herodotus.
1974 1860 2058 1871 —
2108 1824 2184 1888 In
2231 1824 2615 1910 praegressis
2658 1820 2781 1887 hoe
2824 1840 2827 1845 ·

399 1950 594 2019 agens
642 1930 1108 1997 animadvertes
1152 1934 1527 2015 interpretes
1577 1932 1673 1995 bis
1722 1931 1799 1996 de
1836 1950 1952 1996 suo
1994 1929 2312 1995 addidisse
2352 1930 2403 1993 οἱ
2445 1927 2775 2005 Ἀθηναῖοι.

493 2144 578 2209 V.
645 2142 730 2210 79
793 2144 972 2219 οὶλιην
1035 2142 1580 2220 ποιησάμενοι
1643 2142 1737 2209 Of.
1806 2142 1838 2208 I
1904 2142 2032 2208 125
2082 2142 2261 2217 ὦλιην
2310 2140 2771 2216 ἐποιήσατο.

403 2252 600 2316 Attici
665 2255 884 2317 eontra
940 2252 1009 2315 in
1070 2270 1143 2315 ea
1186 2270 1253 2315 re
1299 2256 1611 2336 usurpant
1654 2251 1924 2317 verbnm
1972 2252 2259 2316 activum
2314 2256 2505 2314 ποιεῖν
2552 2248 2775 2321 ἐκκλη-

401 2356 579 2435 σίαν,
635 2358 944 2435 σύλλογον
991 2360 1138 2423 cett.

491 2569 570 2638 V.
622 2568 710 2636 83
760 2568 989 2636 στάδια
1036 2570 1100 2636 δὲ
1147 2568 1436 2646 μάλιστα
1484 2593 1555 2648 κη
1603 2567 1729 2632 ἀπὸ
1771 2576 1879 2643 τῆς
1932 2567 2139 2640 πόλιος
2185 2570 2263 2640 ὥς
2312 2565 2779 2650 εἷκοσιῶπέχει.

403 2677 482 2742 In
543 2675 782 2742 talibus
843 2681 1200 2743 constanter
1258 2674 1621 2740 Herodotus
1685 2673 1844 2738 dicit
1889 2673 2183 2749 μάλιστα
2230 2697 2349 2753 κη,
2398 2681 2475 2737 ut
2518 2675 2591 2738 de
2635 2681 2780 2738 tem-

389 2807 546 2872 pore
589 2808 694 2850 κου
738 2783 1050 2860 μάλιστα.
1122 2783 1288 2849 Loco
1335 2779 1398 2846 Π
1453 2780 1574 2849 127
1623 2781 2085 2868 supplendum:
2136 2779 2427 2856 μα’λιστοὶ
2472 2782 2671 2859 <κη>
2722 2781 2783 2852 ἐς

404 2891 623 2958 ἑκατὸν
673 2891 866 2962 πόδας
919 2890 1178 2970 ὑψηλοῦ.

494 2997 573 3062 In
639 3005 925 3062 extremo
984 2997 1192 3082 eapite
1257 2995 1449 3060 verba
1507 2991 1662 3070 ἦσαν
1726 2993 1791 3059 δὲ
1853 2991 1957 3058 καὶ
2022 2999 2173 3057 τοῖσι
2228 2989 2667 3072 Ἐπιδαυρίοισι
2716 2992 2783 3056 αἱ

403 3107 687 3167 τοιαῦται
749 3102 1038 3181 ἱροεργίαι
1067 3125 1083 3141 ·
1146 3103 1262 3167 είσὶ
1329 3101 1392 3168 δέ
1449 3109 1566 3178 σφι
1617 3100 1721 3165 καὶ
1770 3099 2012 3180 ἄρρητοι
2062 3099 2409 3186 [ἱροεργίαι]
2458 3096 2783 3164 liberanda

403 3213 555 3274 sunt
598 3208 996 3273 substantivo
1040 3209 1242 3273 otioso
1289 3213 1354 3273 et
1403 3209 1771 3290 κακοφώνως
1821 3205 2111 3292 repetito.

495 3420 571 3485 V.
622 3415 730 3485 85.
778 3419 1085 3492 Ἀθηναῖοι
1132 3417 1246 3496 μέν
1295 3441 1393 3482 νυν
1442 3415 1691 3495 λέγουσι
1740 3417 1911 3494 μετὰ
1958 3416 2067 3490 την
2116 3417 2456 3488 ὥπαίτησιν
2504 3415 2790 3481 α’ποστα-

405 3535 586 3601 λῆναι
642 3527 868 3604 τριήρεϊ
925 3533 1038 3605 μιῇ
1099 3509 1217 3589 τῶν
1275 3523 1479 3588 ἀστῶν
1540 3521 1920 3600 τούτους,
1970 3515 2038 3587 οἳ
2084 3521 2787 3601 ἀποπεμφθέντες

406 3634 530 3698 dara
580 3638 685 3696 τοῦ
737 3636 926 3696 κοινοῦ
975 3631 1079 3695 καὶ
1131 3630 1628 3706 ἀπικόμενοι
1669 3629 1731 3700 ἐς
1772 3627 2037 3707 Αἴγιναν
2075 3629 2160 3694 τὰ
2186 3629 2555 3707 α’γοὶλματα
2579 3633 2788 3692 ταῦτα

403 3740 484 3810 ὦς
529 3736 841 3819 σφετέρων
890 3733 1090 3810 ξύλων
1139 3736 1315 3800 ἐόντα
1363 3737 1799 3809 ἐπειρῶντο
1840 3735 1907 3799 ἐκ
1949 3737 2067 3798 τῶν
2105 3735 2346 3812 βάθρων
2385 3732 2788 3810 ἐξανασπᾶν.

405 3841 504 3909 ἵνα
567 3843 740 3924 σφέα
808 3843 1328 3916 ἀνακομίσωνται.
1413 3839 1839 3906 Vehementer
1898 3861 1935 3905 a
1980 3840 2260 3905 librariis
2306 3840 2411 3904 hie
2458 3841 2791 3904 turbatum
2874 3892 2883 3900 .

405 3969 539 4015 esse
577 3969 725 4013 enm
764 3955 1024 4034 apparet
1065 3968 1142 4013 ex
1183 3967 1380 4033 prava
1415 3949 1765 4012 sententiae
1808 3946 2304 4011 conformatione
2341 3951 2483 4009 tum
2527 3965 2561 4010 e
2600 3947 2792 4029 serip-

407 4063 698 4121 turarum
747 4053 1224 4140 discrepantiis,
1271 4073 1420 4118 nam
1469 4071 1585 4139 pro
1632 4053 1883 4125 τούτους
1930 4051 2013 4116 132
2036 4049 2094 4116 r¹
2144 4051 2382 4116 habent
2427 4050 2685 4114 τουτέων
2728 4055 2797 4116 et

405 4182 518 4248 pro
583 4161 897 4239 ἐπειρῶντο
962 4157 1205 4224 AB¹Cd
1265 4161 1479 4237 πειρᾶν
1505 4207 1520 4233 ,
1587 4177 1712 4242 quo
1776 4163 2024 4242 recepto
2096 4163 2161 4222 et
2229 4155 2506 4222 admissa
2563 4154 2793 4222 Steinii

407 4269 765 4334 coniectura
814 4265 1144 4341 διηκοσίους
1195 4285 1306 4349 pro
1353 4265 1622 4340 τούτους,
1651 4261 2022 4350 Madvigius
2068 4264 2373 4327 correxit:
2408 4299 2489 4311 -
2516 4264 2795 4328 ἀποστα-

405 4382 585 4448 λῆναι
637 4375 862 4453 τριήρεϊ
904 4381 1016 4452 μιῇ
1067 4377 1184 4435 τῶν
1231 4372 1434 4436 ἀστῶν
1485 4369 1982 4447 διηκοσίους,
2032 4365 2162 4434 οἷα
2210 4370 2795 4450 ἅποπεμφθέν-

403 4499 564 4552 τας
618 4480 744 4543 ἀπὸ
804 4483 912 4544 τοῦ
976 4481 1193 4554 κοινοῦ,
1266 4477 1372 4542 καὶ
1435 4473 1993 4554 ἀπικομένους
2044 4514 2125 4524 -
2178 4477 2467 4556 πειρῑέν
2516 4475 2641 4540 κτὲ.
2718 4473 2792 4540 In
