3436 5161
1499 373 1743 424 menno.
2670 357 2805 431 295

681 555 739 602 a.
791 534 934 624 131·
967 535 1048 602 U.
1081 533 1192 616 0.,
1241 535 1372 602 623
1419 557 1476 604 a.
1519 535 1593 608 ο.
1635 561 1696 604 n.
1741 539 1885 605 Iun.

791 641 922 708 150
1243 641 1376 708 604
1739 643 1871 711 Ian.

665 770 670 776 ·
790 745 922 812 168
1243 747 1374 814 586
1738 753 1906 839 Aug.

793 851 922 920 187
1243 852 1374 921 567
1740 855 1937 924 Mart.

787 959 922 1027 205
1248 959 1379 1026 549
1743 959 1880 1028 Oet.

788 1063 924 1129 224
1243 1065 1375 1133 530
1741 1067 1902 1134 Mai.

785 1170 919 1236 242
1243 1171 1375 1238 512
1745 1172 1898 1240 Dee.

789 1275 918 1343 261
1244 1277 1378 1344 493
1741 1278 1869 1345 lul.

790 1382 924 1448 280
1242 1384 1377 1452 474
1740 1385 1921 1450 Febr.

789 1485 923 1553 298
1242 1487 1374 1554 456
1739 1489 1916 1576 Sept.

795 1593 925 1662 31¹7
1246 1595 1379 1663 437
1744 1599 1900 1684 Apr.

791 1699 923 1765 335
1243 1700 1375 1767 419
1738 1703 1906 1770 Nov.

791 1805 925 1870 354
1245 1806 1378 1872 400
1736 1806 1775 1873 J
1782 1830 1888 1875 un.

423 1910 773 1978 Intervalla
818 1911 1000 1980 vides
1046 1932 1353 1978 annorum
1408 1912 1490 1979 18
1535 1935 1831 1980 mensum
1883 1914 1945 1982 7.
2014 1913 2334 1981 Romulus
2380 1921 2673 1982 mortuus
2712 1922 2809 1982 est

423 2025 569 2106 post
629 2018 912 2104 expletos
969 2021 1152 2106 regni
1217 2039 1411 2084 annos
1473 2015 1580 2099 3¹7,
1644 2023 1862 2105 itaque
1908 2041 1965 2086 a.
1991 2043 2055 2088 u.
2106 2020 2226 2099 38,
2275 2043 2422 2088 oum
2470 2043 2672 2090 annus
2719 2019 2803 2087 37

425 2123 772 2191 effluxisset
831 2145 1050 2191 mense
1111 2124 1320 2210 Aprili
1338 2173 1355 2202 ,
1422 2126 1590 2192 Iulio
1647 2130 1961 2212 proximo,
2042 2127 2137 2194 De
2184 2129 2393 2194 reditu
2440 2129 2805 2194 defectuum

426 2230 682 2296 Plinius
743 2229 823 2297 ΙΙ.
890 2230 974 2296 13
1039 2229 1216 2317 (56);
1283 2231 1606 2309 „defectus
1665 2229 2015 2298 CCXXIII
2074 2234 2401 2298 mensibus
2468 2235 2673 2300 redire
2740 2237 2809 2298 in

425 2358 573 2404 suos
634 2339 803 2402 orbis
859 2343 1106 2404 eertum
1157 2337 1318 2404 est’'.
1389 2338 1534 2404 Non
1584 2340 1911 2423 quaeritur
1956 2361 2160 2416 nune,
2208 2361 2364 2404 num
2411 2341 2530 2406 boe
2579 2361 2804 2406 verum

426 2445 514 2508 sit
563 2481 636 2492 -
693 2463 1083 2529 quamquam
1131 2465 1170 2510 a
1215 2464 1364 2511 vero
1410 2464 1532 2510 non
1583 2443 1867 2510 multum
1908 2446 2197 2512 recedere
2234 2447 2491 2513 videtur
2534 2483 2616 2496 —-
2640 2493 2657 2524 ,
2696 2445 2807 2511 sed

427 2549 579 2634 quid
642 2555 887 2616 veteres
947 2552 1309 2616 statuerint.
1396 2550 1592 2617 Porro
1653 2550 1995 2617 tenendum
2056 2557 2153 2617 est
2170 2601 2187 2623 .
2251 2570 2373 2618 non
2438 2551 2805 2619 Ciceronem

426 2655 638 2740 ipsum
703 2662 872 2720 retro
932 2656 1324 2722 numerando
1385 2664 1761 2742 computum
1808 2658 2063 2736 fecisse,
2116 2696 2187 2707 -
2246 2659 2414 2744 quod
2461 2661 2518 2725 si
2562 2660 2804 2725 factum

425 2766 624 2838 esset,
687 2760 1212 2845 proficiscendum
1269 2770 1434 2839 esset
1495 2763 1574 2827 ab
1639 2783 1802 2829 anno
1856 2764 2031 2828 urbis
2078 2764 2369 2849 cenditae
2415 2764 2513 2831 01.
2565 2765 2707 2830 VII.
2762 2766 2803 2831 2

425 2865 506 2952 (a.
539 2870 612 2932 U.
665 2864 749 2932 75
779 2868 919 2953 ¹10),
967 2889 1156 2953 quem
1205 2866 1424 2935 Cic-ero
1469 2872 1537 2933 in
1584 2870 1687 2933 his
1734 2868 1917 2934 libris
1964 2873 2194 2935 statuit
2242 2908 2323 2919 --
2373 2872 2480 2937 sed
2522 2893 2559 2936 a
2595 2874 2807 2937 neseio

427 2973 660 3057 quibus
715 2993 853 3037 rem
913 2973 1150 3039 saetam
1202 2995 1336 3039 esse
1383 2975 1572 3051 dieit3
1621 2974 1691 3039 hi
1740 2981 2084 3059 potuerunt
2131 2998 2367 3041 annum
2416 2976 2607 3041 Urbis
2654 2998 2805 3043 eon-

425 3079 599 3145 ditae
659 3100 804 3143 cum
869 3076 1147 3145 Varrone
1207 3086 1271 3144 et
1317 3083 1532 3146 Attico
1580 3081 1659 3146 ad
1706 3078 1807 3145 01.
1862 3079 1960 3144 v1.
2015 3079 2056 3145 3
2102 3080 2217 3167 (75
2246 3083 2348 3167 ⁴13)
2395 3083 2643 3150 referre.
2718 3082 2808 3147 Ut

424 3185 546 3250 boe
611 3191 790 3270 utar,
860 3188 1116 3251 Atticus
1172 3188 1306 3271 ipse
1367 3189 1578 3272 potuit
1639 3188 1734 3251 sie
1786 3186 2021 3251 ludere.
2096 3184 2317 3253 Cicero
2364 3191 2432 3253 in
2480 3189 2580 3253 his
2626 3188 2809 3253 libris

425 3289 774 3377 Polybium
835 3294 1159 3376 sequitur,
1223 3290 1322 3355 01.
1372 3291 1541 3357 VII,
1605 3290 1648 3355 2
1705 3292 2077 3377 (posteriore
2145 3300 2323 3378 parte
2385 3296 2533 3358 anni
2582 3292 2807 3379 Olym-

425 3398 628 3482 piaei,
687 3418 838 3461 nam
899 3396 1106 3463 Roma
1161 3398 1413 3462 condita
1457 3395 1802 3482 Palilibus)
1852 3400 1896 3462 i.
1924 3418 1976 3462 e.
2034 3396 2164 3464 750
2213 3400 2439 3465 urbem⁴
2485 3400 2805 3467 conditam

425 3501 699 3567 referens
759 3502 866 3587 (ef.
930 3500 1011 3567 11.
1079 3500 1232 3587 27),
1287 3503 1585 3587 idemque
1645 3524 1848 3567 annus
1909 3504 2166 3569 videtur
2235 3526 2382 3569 eum
2446 3506 2809 3571 Annalibus

425 3606 732 3673 Maximis
777 3607 1142 3676 convenisse
1188 3609 1329 3694 („in
1372 3607 1726 3673 Annalibus
1779 3612 2084 3674 maximis
2135 3602 2595 3697 consignatum
2637 3613 2809 3677 vide-

425 3712 616 3779 mus”
659 3734 850 3798 supra
893 3714 949 3779 Ι.
999 3712 1152 3800 25),
1199 3735 1350 3778 nam
1398 3734 1600 3781 annus
1649 3713 1828 3790 „350
1866 3713 2061 3790 fere”,
2102 3716 2169 3779 in
2211 3715 2567 3781 Annalibus
2606 3719 2805 3803 sig-ni-

425 3816 686 3897 fieatue‚
735 3822 1031 3885 convenit
1070 3841 1218 3884 eum
1261 3819 1393 3884 400
1433 3840 1487 3884 a.
1517 3817 1590 3885 O.
1608 3840 1625 3897 ;
1668 3820 1779 3884 sed
1816 3820 1963 3885 inde
2000 3840 2123 3885 non
2150 3824 2496 3887 necessario
2521 3826 2809 3907 sequitur

425 3924 652 4009 illum,
703 3926 812 4009 qui
853 3932 1020 3990 retro
1060 3925 1484 4011 computando
1524 3924 1789 3990 Romuli
1830 3946 2063 3990 annum
2106 3926 2365 3992 fatalem
2408 3928 2807 3993 constituerit

426 4034 540 4095 aut
607 4030 997 4096 confirmarit
1066 4034 1195 4095 iam
1273 4033 1698 4097 coustitutum
1772 4032 2243 4115 computatione
2311 4053 2461 4109 sua,
2533 4034 2804 4099 eundem

425 4156 560 4201 esse
621 4138 731 4221 qui
799 4136 1076 4203 Annales
1136 4136 1530 4221 suppleverit
1573 4142 1638 4201 et
1687 4136 1976 4201 ediderit.
2052 4136 2153 4214 Is,
2203 4158 2394 4221 quem
2443 4135 2663 4203 Cicero
2710 4160 2806 4205 ra-

425 4243 663 4307 tionem
725 4241 908 4308 illam
970 4245 1162 4307 inisse
1216 4242 1409 4318 dicit,
1460 4244 1701 4326 potuit,
1755 4246 1831 4305 ut
1877 4242 2121 4307 dietum
2144 4291 2161 4326 ,
2210 4244 2465 4308 Atticus
2512 4266 2645 4309 esse
2692 4251 2805 4310 aut

424 4349 629 4414 faeere
689 4369 837 4413 cum
900 4350 1116 4413 Attico
1136 4395 1151 4425 ‚
1217 4368 1405 4432 quem
1463 4346 1683 4413 Gieero
1730 4354 1873 4431 post
1921 4350 2057 4411 eius
2111 4347 2398 4413 annalem
2453 4348 2689 4413 librum
2738 4353 2805 4414 in

426 4453 638 4520 lucem
701 4432 1010 4519 emissum
1073 4456 1208 4542 ipse
1268 4460 1487 4539 postea
1533 4462 1788 4518 secutus
1840 4460 1966 4531 est,
2019 4474 2255 4519 annum
2307 4454 2483 4519 urbis
2528 4455 2803 4521 natalem
