3436 5161
1367 336 1455 383 An
1503 334 1855 385 mmm.
2170 330 2175 335 ’
2678 320 2806 386 185

417 503 746 588 proprium
808 499 1192 568 vocabulum
1255 521 1560 585 usurpare
1624 498 1902 567 noluerit
1958 507 2145 587 poeta
2162 552 2182 587 ‚
2234 506 2529 589 quamvis
2574 502 2813 571 versifi-

420 614 613 676 cator.
687 606 910 694 Neque
962 609 1134 673 enim
1183 607 1261 673 de
1312 613 1616 693 perpetuo
1664 613 1851 673 motu
1896 612 2166 675 staterae
2210 609 2404 676 modo
2450 611 2577 676 huc
2623 610 2813 677 mode

419 716 578 781 illuc
641 719 854 781 motae
899 720 1240 800 antequam
1288 714 1370 781 ad
1417 713 1869 800 aequilibrium
1917 717 2245 801 perveniat
2284 736 2491 783 sermo
2531 722 2662 797 est,
2700 716 2812 783 sed

423 822 501 889 de
545 820 724 889 lance
772 841 901 887 una
943 822 1148 885 nimio
1193 820 1466 906 pondere
1513 820 1805 907 depressa
1851 825 1916 886 et
1961 824 2288 910 vergenti3
2338 822 2637 889 fortasse:

875 926 1117 993 alterno
1165 926 1486 993 instabilis
1531 934 1710 993 nutat
1759 927 2109 1013 depressior
2155 929 2322 995 orbe.

516 1129 628 1197 IV.
683 1130 743 1197 1.
786 1126 892 1195 93.
942 1129 1038 1196 De
1081 1128 1424 1197 Messallae
1471 1134 1608 1196 arte
1654 1130 2017 1217 equitandi:
2061 1130 2233 1218 (quis
2271 1134 2499 1219 possit)

787 1238 979 1321 inque
1024 1238 1232 1303 vicem
1295 1236 1487 1303 modo
1534 1236 1784 1303 derecto
1830 1239 2177 1302 contendere
2213 1260 2398 1321 pacm

791 1364 904 1409 seu
952 1342 1150 1409 libeat
1167 1390 1184 1419 ‚
1239 1362 1433 1409 curvo
1479 1344 1739 1410 brevius
1784 1348 2149 1411 convertere
2194 1364 2379 1432 gyro.

527 1450 840 1515 Contendit
903 1451 1046 1535 quis
1100 1472 1285 1533 passu
1329 1452 1464 1515 suis
1510 1449 1829 1528 cruribus,
1883 1469 2008 1516 non
2056 1452 2237 1537 equi;
2284 1452 2546 1518 fortasse
2588 1458 2819 1519 conten·

429 1558 570 1623 dero
618 1578 885 1640 procum.
973 1554 1099 1621 Pro
1144 1566 1479 1621 convertere
1524 1558 1817 1642 proximo
1865 1577 2053 1623 versu
2100 1555 2253 1623 libri
2296 1559 2643 1623 contendere
2686 1578 2820 1623 rur-

429 1684 571 1740 sus;
622 1661 1056 1729 Broekhusius
1101 1664 1464 1747 compellere.
1538 1661 1877 1729 Obiectum
1924 1686 2083 1727 ecum
2129 1684 2255 1729 non
2295 1668 2544 1749 poterat
2581 1664 2813 1729 omitti.

429 1772 718 1837 Fortasse
777 1790 1016 1835 curvom
1074 1770 1250 1855 (nam
1313 1771 1404 1835 sic
1423 1820 1441 1854 ‚
1503 1770 1628 1835 non
1688 1792 1937 1835 curuum
1998 1771 2382 1857 scribebant)
2449 1775 2815 1837 truncatum

428 1898 556 1943 una
616 1876 834 1943 littera
896 1877 1094 1942 traxit
1147 1898 1356 1963 qyrum
1401 1876 1969 1961 scribendumque:
2023 1896 2323 1955 „curvom
2380 1878 2637 1945 brevius
2674 1895 2818 1943 con-

429 1988 676 2051 vertere
720 1981 1026 2070 gyrum”.
1750 1978 1756 1984 ’

523 2200 644 2268 IV.
695 2200 757 2268 6.
809 2202 886 2267 In
931 2199 1054 2267 fine
1099 2200 1292 2268 huius
1339 2200 1705 2267 suavissimi
1754 2202 2055 2266 carminis
2103 2221 2360 2268 vei-sust

659 2309 716 2373 si
767 2308 903 2394 (sis)
953 2308 1173 2373 iuveni
1218 2311 1403 2393 grata
1420 2353 1438 2385 ,
1491 2308 1706 2374 veniet
1751 2326 1898 2372 cum
1948 2308 2280 2391 proximus
2330 2328 2531 2373 annus
2551 2355 2571 2393 ,

746 2412 854 2478 hic
901 2412 1074 2478 idem
1119 2414 1290 2479 votis
1333 2413 1465 2478 iam
1514 2419 1700 2479 vetus
1749 2415 1912 2479 esset
1962 2431 2143 2477 amor

432 2540 655 2589 vereor
698 2524 774 2586 ut
818 2520 1178 2609 integritati
1224 2521 1468 2607 possint
1515 2520 1789 2588 restitui.
1861 2518 1988 2584 Pro
2028 2526 2175 2585 met
2212 2520 2369 2586 adsit
2408 2519 2653 2586 codices
2694 2540 2823 2586 cor-

433 2630 613 2694 recti.
683 2625 810 2692 Sed
867 2625 1156 2714 Scaliger
1173 2674 1191 2705 ,
1256 2628 1367 2711 qui
1429 2627 1508 2691 ad
1562 2625 1733 2692 hunc
1778 2624 2019 2690 librum
2070 2623 2491 2692 Guiacianum
2541 2633 2821 2693 veterem

440 2732 771 2811 adhibuit,
817 2733 884 2797 in
930 2737 1230 2798 contextu
1277 2731 1471 2798 habet
1516 2732 1678 2796 adsit
1725 2751 1874 2796 cum
1920 2730 2039 2796 hac
2083 2735 2266 2796 nota:
2319 2731 2524 2809 „liber
2566 2729 2825 2798 infimae

437 2839 781 2906 vetustatis
841 2845 990 2904 occet
1059 2861 1238 2906 amor.
1335 2837 1518 2918 Quod
1585 2835 1988 2902 retinendum
2034 2835 2221 2902 ·est”.
2319 2835 2501 2903 Unde
2566 2842 2829 2923 apparet

436 2951 718 3010 veterem
783 2943 924 3012 Cui.
986 2945 1150 3009 adsit
1211 2944 1526 3012 habuisse.
1612 2943 1791 3008 Idem
1857 2944 1925 3007 in
1984 2947 2286 3008 contextu
2338 2949 2425 3008 cic
2469 2949 2672 3010 iuveni
2716 2944 2826 3010 sed

435 3054 504 3116 in
565 3049 870 3117 lemmate
929 3053 1010 3116 eit
1077 3057 1120 3116 i.
1181 3051 1445 3117 fortasse
1508 3068 1841 3135 operarum
1896 3049 2078 3114 vitio.
2152 3049 2291 3138 Ego
2337 3049 2534 3116 talem
2584 3055 2829 3118 senten·

437 3159 620 3228 tiam.
661 3156 980 3222 desidero:
1045 3159 1134 3222 sic
1187 3158 1402 3222 iuveni
1451 3161 1670 3243 gratae
1689 3203 1707 3238 ,
1758 3156 1971 3221 veniet
2018 3175 2166 3220 cum
2216 3159 2545 3241 proximus
2590 3177 2826 3243 annus,

438 3263 540 3327 his
587 3261 799 3348 palam
847 3265 1016 3329 votis
1060 3263 1298 3329 arbiter
1341 3262 1509 3328 adsit
1552 3263 1768 3327 Amor.
1818 3260 1987 3326 Nam
2027 3264 2094 3326 et
2130 3269 2296 3326 vetus
2317 3262 2489 3347 (cum
2515 3263 2830 3330 Baehren-

439 3369 560 3454 sio)
621 3367 932 3452 improbo
972 3373 1037 3434 et
1095 3371 1347 3453 requiro
1409 3365 1907 3434 dissimulationi
1962 3368 2321 3452 oppositam
2389 3373 2640 3454 apertae
2687 3389 2831 3436 con-

439 3472 730 3539 fessionis
773 3475 839 3539 in
887 3474 1253 3558 proximum
1300 3493 1537 3539 annum
1586 3474 1862 3539 veniam.
1914 3470 2038 3538 Sed
2062 3519 2079 3550 ‚
2127 3477 2201 3537 ut
2240 3473 2413 3551 dixi,
2456 3473 2715 3559 despero
2754 3475 2831 3541 de

439 3580 884 3647 emendatione
929 3585 1122 3646 certa.

533 3797 654 3864 IV.
725 3797 786 3865 7.
847 3797 1137 3865 Produnt
1201 3796 1518 3884 Sulpiciae
1581 3797 1867 3862 carmina
1936 3795 2205 3862 subinde
2278 3816 2543 3862 manum
2605 3817 2831 3884 pamm

443 3907 889 3989 exercitatam3
937 3907 1030 3972 sic
1077 3905 1340 3969 initium
1389 3903 1584 3968 huius
1629 3905 1930 3968 carminis
1978 3922 2233 3986 operose
2278 3906 2740 3989 compositum:

805 4010 1088 4078 Tandem
1136 4012 1314 4077 venit
1362 4029 1538 4075 amor
1560 4059 1578 4094 ,
1627 4007 1880 4094 qualem
1935 4009 2165 4074 texisse
2213 4010 2453 4094 pudore

895 4137 1087 4203 quam
1136 4115 1406 4182 nudasse
1453 4114 1646 4181 alicui
1695 4117 1781 4180 sit
1826 4115 1991 4180 mihi
2038 4115 2212 4181 fama
2258 4117 2492 4204 magis.

443 4221 682 4290 Contra
747 4225 1124 4289 sententiam
1195 4223 1612 4288 necessariam
1683 4223 1775 4286 sic
1845 4221 2021 4287 dedit
2088 4219 2173 4286 H.
2194 4270 2213 4307 ,
2283 4223 2341 4286 si
2410 4222 2565 4306 quid
2625 4222 2835 4290 video.

423 4327 752 4412 .,‚Utinam
838 4331 1052 4413 potius
1135 4327 1308 4393 fama
1379 4329 1706 4414 contingat
1779 4325 1943 4392 mihi
2011 4325 2181 4391 hunc
2254 4345 2533 4392 amorem
2603 4329 2836 4394 texisse

445 4434 778 4522 (pudore),
835 4455 1029 4520 quam
1092 4436 1388 4519 cuiquam
1452 4431 1906 4520 significasse”.
1993 4429 2174 4498 Haec
2234 4435 2346 4518 qui
2401 4431 2556 4500 dicit
2600 4432 2837 4500 fatetur
