3436 5161
669 352 755 419 34
1661 366 2057 419 uuaonows.

657 540 868 621 peotes
929 534 1032 599 καὶ
1097 532 1236 597 ἵσων
1305 531 1408 595 καὶ
1471 530 1716 617 ἆμοίων)
1770 528 1985 595 ἐόντων
2006 550 2023 569 ·
2074 531 2143 595 οὐ
2204 530 2571 609 δυναμένους
2620 532 2685 597 δὲ
2736 538 2961 611 γνῶναι
3008 532 3043 609 ἥ

664 642 794 707 καὶ
865 640 1008 720 πρὸ
1063 638 1390 717 τούτου,
1441 638 1775 717 ἐπειρωτᾶν
1820 640 1932 713 τήν
1978 642 2300 705 τεκοῦσαν.
2370 638 2611 707 Parum
2655 638 3049 707 lucraremur

660 747 987 815 scribendo
1034 750 1408 828 <μοῖλλον>
1453 745 1487 819 ἢ
1540 745 1644 811 καὶ
1693 746 1807 825 πρὸ
1859 744 2075 811 τούτου
2100 795 2115 818 .
2164 766 2312 811 oum
2360 748 2512 831 quia
2556 747 2819 831 antiqua
2856 744 3047 813 Grae-

662 855 822 921 citas
861 852 1144 940 postulat
1181 854 1323 931 πρὸ
1372 856 1509 917 τοῦ
1560 854 1697 918 sive
1745 856 2079 936 προτοῦ,
2126 857 2269 918 tum
2318 872 2469 919 vero
2511 854 2835 941 imprimis
2878 853 3047 938 quod

661 959 740 1027 de
799 958 978 1025 nullo
1040 960 1196 1025 dum
1246 958 1624 1044 ephororum
1675 960 2109 1045 experimento
2156 978 2283 1043 quo
2324 962 2663 1027 veritatem
2712 980 3045 1047 cognosea-

659 1070 800 1131 rent
857 1085 1065 1133 sermo
1127 1066 1272 1131 fuit.
1357 1064 1582 1131 Restat
1644 1065 1851 1152 igitur
1913 1069 1989 1129 ut
2034 1084 2109 1130 ea
2153 1064 2347 1131 verba
2390 1064 2739 1133 habeamus
2782 1087 2896 1153 pro
2942 1067 3042 1131 in·-

658 1171 830 1241 sulso
887 1170 1274 1239 emblemate
1291 1220 1309 1255 ,
1367 1168 1582 1257 qualia
1628 1176 1761 1236 tam
1810 1170 2021 1237 multa
2066 1169 2377 1237 Herodoti
2422 1173 2775 1238 orationem
2824 1171 3040 1238 detur-

657 1284 832 1365 pant.
906 1278 1152 1358 Quibus
1216 1276 1476 1363 deletis,
1524 1278 1737 1342 verbis
1787 1278 1852 1341 οὐ
1901 1275 2263 1353 δυναμένους
2314 1276 2377 1343 δὲ
2423 1280 2648 1355 γνῶναι
2694 1279 3042 1345 resumitur

657 1384 736 1452 de
797 1404 972 1451 more
1033 1384 1320 1470 superior
1382 1384 1580 1449 oratio
1643 1384 1751 1449 οὐκ
1802 1421 1883 1431 -
1934 1380 2219 1451 ἕλωνται.
2309 1382 2481 1449 Fieri
2550 1390 2765 1451 autem
2834 1389 3041 1470 potest

656 1496 731 1557 ut
789 1489 958 1556 illud
1019 1489 1340 1556 emblema
1395 1509 1518 1555 non
1567 1488 1696 1555 huo
1750 1490 2067 1573 pertineat
2110 1489 2215 1557 sed
2268 1488 2425 1556 olim
2472 1492 2541 1555 in
2586 1492 2881 1578 margine
2924 1490 3039 1557 ad·

656 1599 966 1682 scriptum
1016 1596 1208 1662 fuerit
1249 1595 1414 1664 iufra
1461 1595 1674 1661 verbis
1720 1594 1883 1660 οὐδὲν
1932 1593 2132 1662 ἕσσον.

745 1702 990 1768 Ibidem
1055 1704 1092 1786 5
1154 1701 1195 1766 6
1259 1702 1475 1788 procul
1536 1702 1731 1767 dubio
1792 1700 2217 1787 supplendum
2280 1708 2415 1769 est:
2466 1703 2731 1769 ἐνθαῦτα
2779 1704 2851 1778 δὴ
2898 1705 3037 1777 τοὺς

661 1810 1064 1889 Σπαρτιήτας
1113 1846 1198 1857 -
1247 1806 1664 1885 Φυλοέξαντας
1712 1812 1822 1883 τὴν
1868 1809 2108 1887 μητέρα
2150 1816 2269 1874 τῶν
2319 1807 2755 1887 Ἀριστοδήμου
2804 1810 3038 1876 παίδων

655 1915 882 1995 λαβεῖν
945 1916 1115 1980 κατὰ
1179 1915 1388 1979 ταῦτα
1457 1912 1707 1991 <αἷεὶ>
1772 1915 2105 1991 τιμέουσαν
2152 1914 2257 1980 τὸν
2306 1913 2587 1996 πρότερον
2632 1916 2738 1981 καὶ
2789 1918 3031 1982 σιτίοισι

655 2024 760 2088 καὶ
803 2030 1122 2103 λουτροῖσι.
1183 2020 1357 2087 luter
1401 2019 1648 2086 litteras
1694 2030 1750 2085 A
1800 2027 1863 2085 et
1908 2030 1998 2085 TI
2049 2020 2236 2087 facile
2283 2020 2496 2108 elapsa
2542 2030 2639 2087 est
2684 2025 3037 2091 necessaria

654 2149 780 2196 vox
845 2138 1015 2194 Atel
1045 2178 1060 2204 ,
1125 2148 1286 2213 quae
1350 2148 1387 2192 a
1449 2126 1730 2191 librariis
1784 2132 2034 2193 servata
2082 2132 2178 2193 est
2226 2129 2293 2193 in
2338 2130 2762 2215 praegressis:
2812 2128 2917 2196 καὶ
2967 2128 3033 2204 ἣν

654 2237 768 2314 μὲν
815 2236 987 2301 κατὰ
1031 2233 1242 2300 ταύτὰ
1289 2234 1592 2315 φαίνηται
1643 2233 1813 2298 αἰεὶ
1863 2238 2153 2311 ποιεῦσα,
2204 2234 2333 2301 κτὲ.

743 2448 861 2516 VI.
928 2447 1012 2516 5¹7
1073 2449 1220 2515 init.
1278 2451 1492 2516 ταῦτα
1553 2446 1667 2525 μὲν
1730 2447 1817 2513 τα
1881 2447 2245 2527 ἔμπολέμῐα
2292 2448 2425 2515 xri.
2496 2448 2715 2534 Aeque
2758 2468 3029 2537 pravum

649 2562 748 2626 est
809 2556 1214 2640 ἐμπολέμιος,
1276 2564 1468 2640 atque
1513 2553 1951 2632 ὥντιπολέμιος
1997 2576 2111 2643 pro
2158 2555 2593 2634 αντιπδλεμος.
2659 2554 3028 2644 Reponatur

645 2664 989 2742 ἐμπόλεμα
1011 2713 1030 2741 ,
1072 2663 1240 2749 quod
1275 2663 1382 2728 hie
1419 2661 1585 2750 legit
1621 2661 2074 2750 Diogeniauus.
2115 2661 2514 2749 Hesychius:
2542 2661 3027 2741 ὔμπόλεμαε

645 2771 730 2836 τοὶ
779 2771 865 2844 εἰς
913 2770 1184 2846 πόλεμον
1229 2767 1472 2834 εὔθετα.
1523 2805 1608 2818 -
1654 2767 1731 2832 lu
1780 2768 1999 2834 eodem
2038 2771 2243 2853 eapite
2280 2788 2409 2834 nou
2442 2767 2749 2856 intellego
2788 2770 2857 2833 in
2880 2789 3022 2834 ver-

647 2878 778 2942 bis:
844 2876 1167 2956 νευμηνίας
1233 2876 1294 2939 δὲ
1357 2875 1480 2940 αἰνὰ
1539 2872 1754 2947 πάσας
1817 2874 1922 2940 καὶ
1986 2873 2262 2952 ἑβδόμας
2326 2874 2621 2953 ἱςαμένου
2684 2877 2792 2942 τοῦ
2840 2875 3023 2954 μηνὸς

645 2983 909 3049 δίδοσθαι
966 2985 1033 3047 ἐκ
1078 2987 1184 3047 τοῦ
1231 2980 1516 3056 δημοσίου
1566 2981 1746 3057 ἱρήιον
1794 2979 2001 3044 τέλεον
2050 2979 2315 3062 ἑκατέρῳ
2364 2981 2425 3053 ἐς
2474 2981 3023 3058 Ἀπόλλωνος,

643 3091 747 3156 καὶ
816 3087 1104 3167 μέδιμνον
1163 3087 1449 3167 ἀλφίτων
1512 3085 1618 3151 καὶ
1679 3087 1833 3150 οἴνου
1900 3085 2199 3165 τετάρτην
2256 3091 2655 3168 Λακωνικήν,
2702 3088 2858 3174 quid
2902 3088 3025 3154 sibi

644 3193 803 3262 velit
865 3195 928 3268 ἐς
988 3192 1375 3266 ’Λπόλλωνος
1425 3193 1492 3256 ios
1539 3194 1739 3258 aedem
1784 3194 2113 3275 Apollinis.
2184 3192 2329 3259 Non
2372 3192 2603 3262 melior
2650 3199 2747 3260 est
2792 3193 3025 3260 codicis

640 3299 917 3368 Romani
978 3299 1170 3366 lectio
1216 3300 1275 3371 ἐς
1323 3297 1827 3376 Ἀπόλλωνα,
1875 3300 2000 3364 nisi
2048 3299 2216 3385 quod
2260 3301 2521 3386 propius
2567 3300 2745 3367 abest
2790 3321 2829 3368 a
2873 3319 3023 3368 vera

639 3408 988 3494 seriptura,
1049 3426 1242 3493 quam
1301 3407 1586 3491 suspicor
1632 3406 1829 3472 fuisse
1875 3405 1937 3478 ἐς
1988 3403 2544 3484 ’Arenae-ivea,
2594 3407 2679 3472 ad
2720 3406 3024 3491 Apollinis

637 3513 818 3600 (huie
865 3515 1039 3582 enim
1083 3514 1294 3599 primo
1337 3516 1402 3578 et
1445 3513 1721 3598 septimo
1767 3513 2073 3598 cuiusque
2118 3515 2357 3578 mensis
2394 3513 2501 3581 die
2536 3511 3017 3598 immolabatur)

627 3617 862 3705 festum
904 3620 1332 3686 celebrandum.

731 3833 838 3901 VI.
903 3833 1013 3921 57,
1077 3835 1140 3902 5.
1223 3833 1369 3902 Non
1415 3834 1624 3904 hercle
1668 3834 1887 3922 inepta
1938 3839 2033 3902 est
2078 3834 2141 3902 Ν
2144 3835 2317 3904 abari
2360 3837 2637 3923 suspicio
2680 3833 3017 3923 Spartano-

636 3963 782 4010 rum
839 3965 1022 4030 reges
1083 3964 1208 4010 non
1262 3945 1574 4010 iudicasse
1637 3943 1715 4009 de
1775 3945 1901 4009 viis
1962 3943 2238 4028 publicis
2304 3943 2500 4031 (ὁδῶν)
2562 3943 2672 4010 sed
2732 3942 2883 4010 lites
2934 3941 3013 4010 ad

636 4047 861 4115 fiscum
923 4053 1308 4136 pertinentes
1376 4048 1793 4135 <προς>όδων
1863 4049 2159 4126 δημοσίων
2230 4048 2365 4128 πέρι
2386 4097 2405 4128 ,
2476 4055 2541 4115 et
2602 4048 2790 4135 plane
2848 4047 3014 4114 mihi

634 4157 948 4241 persuasit
1009 4153 1288 4223 Cobetus
1347 4159 1576 4241 spretis
1635 4158 2208 4243 grammatioorum
2273 4157 2659 4223 testimoniis
2720 4175 2836 4240 pro
2892 4177 3015 4219 πα-

635 4260 894 4342 τρούχου
955 4262 1473 4330 substituendum
1539 4283 1675 4328 esse
1738 4265 2089 4341 παμοῦχος.
2173 4259 2301 4328 Sed
2361 4261 2528 4327 mihi
2574 4261 2833 4348 quidem
2888 4281 3015 4328 non

635 4369 950 4453 persuasit
1004 4371 1105 4435 vir
1148 4368 1503 4454 praeclarus
1546 4370 1613 4434 in
1665 4369 1873 4453 capite
1918 4388 2020 4452 seq
2029 4370 2207 4434 uenti
2255 4367 2591 4454 depravata
2643 4387 2777 4434 esse
2822 4367 3017 4434 verba

636 4475 823 4538 ἐπεὰν
867 4469 964 4540 οὖν
1011 4479 1188 4540 τοῦτο
1233 4473 1493 4552 γένηται
1542 4473 1827 4562 (mortuo
1874 4474 2052 4561 rege)
2100 4472 2347 4552 ἀνάγκη
2398 4473 2470 4552 ἐξ
2510 4476 2696 4550 οἰκίης
2746 4473 3016 4548 ἑκάστης
