3436 5161
1411 405 1722 456 sannaus.
2627 389 2760 457 253

375 570 539 654 ἔχων
607 571 738 652 περ)
799 571 1040 637 αὐτΟΤ
1108 567 1174 658 ὅ,
1237 597 1296 638 τι
1359 572 1558 652 λέγω,
1624 571 1793 638 δοκεῖ
1846 579 2119 654 φανερῶς
2184 575 2285 639 ἐπὶ
2346 573 2595 655 θατέρου
2642 579 2758 639 τῶν

378 679 812 758 προειρημένων
860 679 1150 758 εἰρῆσθαι.
1201 679 1620 764 Perspicuum
1658 683 1755 743 est
1790 677 2242 764 Hippocratem
2282 681 2524 746 dicere:
2564 703 2759 766 quam-

373 807 545 870 quam
591 802 676 850 1³13
721 803 806 850 BA
847 803 931 852 lm
974 785 1154 850 habeo
1200 787 1356 870 quod
1399 785 1611 850 dicam.
1681 785 1755 850 Id
1803 788 2017 871 ipsum
2066 783 2311 853 Galeno
2356 790 2423 852 in
2472 793 2753 853 mentem

373 895 664 956 venerat:
721 927 806 938 —-
853 893 930 964 ὤς
995 891 1046 956 εἷ
1113 891 1216 956 καὶ
1273 889 1458 964 οὕτως
1509 891 1894 972 ἐγεγράφει·
1942 894 2145 958 καίτοι
2194 891 2355 974 ἔχων
2404 893 2539 972 περὶ
2588 893 2760 960 τού-

372 1019 510 1062 του
571 999 708 1060 τοῦ
773 997 1266 1076 πράγματος
1332 994 1400 1082 ὅ,
1461 1020 1522 1063 τι
1585 995 1791 1076 λέγω,
1841 997 1951 1062 sed
1999 999 2220 1064 abiicit
2266 999 2385 1066 hoc
2433 999 2758 1066 stlocum

375 1106 748 1187 corruptum
814 1123 948 1168 esse
1008 1105 1334 1189 opinatur:
1405 1101 1539 1170 ἔνιοι
1606 1104 1670 1169 δὲ
1730 1104 2062 1185 ἐγχωρεῖν.
2101 1105 2299 1186 φασὶν
2372 1107 2762 1187 ἡμαρτῆσθαι

375 1207 489 1282 τῆν
533 1207 700 1286 λέξιν
746 1209 854 1273 οὐκ
899 1209 1071 1287 ὀρθῶς
1119 1208 1484 1290 γράψαντος
1531 1213 1638 1275 τοῦ
1687 1208 1922 1290 πρώτου
1965 1209 2439 1292 βιβλιογράφου
2485 1209 2763 1277 κᾶπειτα

375 1311 628 1391 μηδενὸς
677 1314 874 1388 αὐτὴν
921 1315 1328 1393 ἐπανορθῶσαι
1375 1315 1803 1394 τολμήσαντος
1844 1313 1995 1398 ἄχρι
2038 1316 2205 1396 δεῦρο
2245 1316 2759 1399 διαφυλαχθῆναι

376 1421 486 1493 τὴν
535 1419 876 1500 ἁμαρτίαν.
950 1419 1172 1507 Itaque
1217 1421 1413 1487 libros
1461 1425 1752 1508 inspicit:
1797 1423 1919 1500 ἐγὼ
1959 1421 2022 1488 δὲ
2060 1425 2197 1488 καθ’
2237 1421 2299 1488 ἓν
2336 1448 2397 1488 τι
2436 1426 2553 1488 τῶν
2590 1425 2764 1489 αντι-

377 1526 640 1606 γράφων
687 1523 851 1606 εὖρον
901 1523 1054 1592 οὕτω
1101 1529 1540 1607 γεγραμμένον
1591 1528 1831 1606 »καίτοι
1880 1527 2041 1610 ἔχων
2090 1529 2223 1609 περὶ
2274 1531 2535 1595 αὖτΩΝ
2585 1525 2653 1606 ὅ,
2702 1554 2763 1595 τι

377 1633 614 1712 λέγω”.
684 1633 958 1708 Qualem
1021 1633 1090 1698 in
1151 1634 1254 1699 his
1316 1635 1610 1700 criticum
1667 1634 1963 1702 videmus
2009 1633 2329 1702 Galenum
2379 1656 2515 1702 esse
2560 1656 2766 1720 neque

379 1745 640 1805 acutum
707 1760 913 1824 neque
976 1742 1381 1828 ingeniosum
1439 1761 1642 1826 neque
1689 1743 2113 1826 perspicacem
2137 1790 2154 1820 ‚
2204 1741 2400 1808 talem
2446 1743 2514 1806 in
2560 1742 2765 1806 omni·

377 1845 497 1910 bus
559 1845 822 1929 reliquis
883 1845 960 1910 de
1022 1866 1253 1933 genere
1313 1845 1430 1911 hoc
1486 1866 1636 1910 eum
1683 1865 1935 1931 semper
1978 1867 2111 1912 esse
2157 1845 2423 1912 videbis.
2496 1844 2765 1912 Sexcen-

379 1954 498 2016 ties
563 1953 696 2016 arte
761 1953 981 2016 critica
1041 1953 1142 2016 uti
1204 1956 1467 2017 conatus
1525 1971 1881 2036 numquam
1952 1952 2300 2037 quidquam
2370 1954 2764 2040 excogitavit

383 2057 550 2142 quod
599 2063 762 2123 esset
811 2063 1057 2122 certum
1108 2063 1174 2123 et
1221 2057 1496 2124 evidens.
1567 2057 1666 2123 Ne
1711 2077 1907 2122 unam
1957 2058 2216 2144 quidem
2262 2055 2515 2123 felicem
2553 2077 2767 2123 emen-

384 2163 706 2228 dationem
770 2165 838 2228 in
901 2169 999 2228 tot
1061 2163 1480 2248 amplissimis
1549 2161 2046 2230 Commentariis
2112 2166 2404 2249 reperies.
2498 2162 2766 2249 Saepius

379 2271 534 2334 artis
601 2271 858 2335 criticae
922 2269 1302 2334 exercendae
1363 2275 1696 2355 praecepta
1766 2269 1963 2334 tradit
2030 2275 2144 2334 aut
2212 2269 2388 2358 leges
2454 2269 2760 2355 quasdam

385 2377 742 2441 constituit.
811 2373 1146 2440 Praeclara
1188 2375 1344 2440 haec
1388 2374 1648 2460 quidem
1696 2380 1848 2440 sunt
1894 2373 2003 2440 sed
2052 2373 2305 2439 nullum
2354 2377 2613 2440 omnino
2656 2373 2765 2439 ha-

381 2482 534 2546 bent
579 2501 766 2546 usum
790 2531 807 2565 ‚
859 2480 966 2545 ἐάν
1015 2502 1108 2551 τις
1154 2481 1244 2558 μὴ
1293 2479 1411 2562 ἔχῃ
1455 2485 1592 2560 ρῒνα
1637 2479 1923 2560 κριτικήν.
1996 2477 2280 2546 Galenus
2324 2481 2427 2545 his
2471 2499 2763 2566 praecep·

379 2591 462 2653 tis
508 2594 571 2654 et
619 2588 873 2676 leg-ibus
917 2591 1052 2674 ipse
1094 2607 1221 2653 non
1267 2588 1663 2672 obtemperat
1709 2594 1775 2652 et
1818 2587 1883 2651 in
1933 2586 2090 2653 locis
2136 2588 2419 2653 obscuris
2457 2602 2523 2653 et
2561 2589 2763 2672 impe-

377 2694 530 2759 ditis
589 2694 1065 2760 infelicissimas
1127 2694 1514 2778 suspiciones
1574 2694 1929 2778 expromit,
1979 2712 2139 2788 quae
2186 2712 2300 2757 nec
2346 2692 2595 2758 coelum
2618 2740 2633 2769 ,
2685 2699 2761 2757 ut

378 2802 592 2875 aiunt,
641 2821 756 2865 nec
805 2806 1038 2866 terram
1088 2806 1380 2887 tangunt.
1455 2798 1630 2864 Bona
1676 2798 1781 2863 lex
1828 2804 1925 2863 est
1973 2819 2164 2885 quam
2206 2796 2389 2864 Tom.
2430 2798 2651 2865 XVII.
2698 2800 2757 2863 1.

377 2926 523 2993 pag.
575 2904 708 2973 '794
753 2909 932 2991 sequi
980 2927 1048 2971 se
1095 2906 1286 2972 dicit:
1343 2906 1501 2971 πολὺ
1549 2906 1801 2983 βέλτιον
1851 2902 2013 2981 ἔδοξέ
2061 2928 2164 2981 μοι
2209 2904 2599 2985 φυλάττοντι
2652 2906 2760 2978 τὴν

377 3011 657 3094 ἀρχαίαν
717 3015 970 3094 γραφὴν
1019 3012 1118 3076 άεὶ
1164 3012 1279 3089 μὲν
1328 3008 1690 3090 σπουδάζειν
1740 3010 1967 3085 ἐκείνην
2016 3010 2401 3089 ἐξηγεῖσθαι,
2455 3012 2543 3088 μὴ
2592 3009 2757 3085 Burn-

378 3117 533 3183 θέντι
597 3119 661 3185 δέ
707 3142 860 3184 ποτε
905 3122 1082 3183 τοῦτο
1129 3117 1365 3198 πρᾶξαι
1413 3120 1667 3192 πιθανὴν
1712 3122 1824 3190 τὴν
1871 3114 2269 3196 ἐπανόρθωσιν
2319 3118 2513 3191 αὐτῆς
2561 3122 2754 3181 ποιεῖ-

379 3226 518 3289 σθαι
577 3232 643 3290 et
699 3223 882 3291 Tom.
945 3222 1159 3291 XVII.
1225 3224 1284 3289 2.
1345 3245 1489 3312 pag.
1542 3224 1661 3291 ¹72:
1713 3221 2019 3295 πολλάκις
2069 3222 2121 3287 δ’
2167 3218 2337 3287 εἷπον
2379 3224 2457 3295 ὥς
2506 3222 2569 3286 ἐν
2612 3228 2757 3295 ταῖς

380 3330 864 3409 αἷνιγματώδεσι
931 3331 1136 3409 λέξεσι
1185 3332 1254 3395 τὸ
1302 3332 1415 3408 μὲν
1462 3330 1723 3402 πιθανῶς
1772 3327 2215 3411 μεταγράφειν
2262 3326 2460 3405 ἔξεςιν
2506 3328 2761 3394 εἰπόντα

381 3437 446 3504 δὲ
491 3436 772 3517 πρότερον
820 3436 974 3502 αὐτὸ
1022 3440 1200 3504 τοῦτο
1239 3441 1584 3511 τηνικαῦτα
1621 3436 1905 3517 προσήκει
1945 3435 2417 3513 μεταλλάττειν
2456 3437 2567 3509 τὴν
2602 3458 2763 3515 γρα-

380 3546 507 3626 φήν
558 3548 622 3609 et
668 3542 854 3609 Tom.
902 3542 1048 3609 VII.
1100 3563 1246 3631 pag.
1299 3540 1471 3611 893:
1521 3547 1702 3608 τοῦτο
1750 3542 1864 3619 μὲν
1910 3541 2007 3616 331·
2026 3539 2332 3623 χρήσιμόν
2382 3542 2469 3610 ἔτι
2521 3548 2765 3618 μεμνῆ-
2811 3556 2815 3561 ·

382 3652 521 3716 σθαι
569 3650 714 3729 πρὸς
763 3650 1008 3723 πολλάς
1058 3656 1174 3715 τῶν
1223 3650 1489 3731 άσαφῶν
1536 3651 1794 3729 ῥήσεων,
1843 3650 1904 3713 ἐν
1940 3644 2041 3721 αἷς
2082 3648 2209 3724 ἤτοι
2253 3646 2766 3728 παραλελεῖφθαέ

381 3780 442 3821 τι
501 3756 752 3822 πιθανόν
809 3757 932 3824 its-av
996 3756 1030 3831 ἢ
1095 3754 1635 3836 παραγεγράφθαι
1699 3757 1995 3840 (mendose
2045 3760 2327 3838 seriptum
2371 3756 2551 3837 esse).
2598 3751 2765 3818 οὐδὲν

380 3864 509 3942 γὰρ
573 3862 796 3927 κωλύει
845 3862 992 3926 κατ’
1039 3862 1276 3933 ἐκείνας
1325 3860 1456 3937 ἤτοι
1503 3863 1573 3926 τὸ
1621 3868 1832 3925 λεῖπον
1880 3859 2310 3940 προστιθέντας
2360 3858 2395 3933 ἢ
2442 3860 2513 3923 τὸ
2564 3859 2764 3937 ἦμαρ-

381 3968 640 4046 τημένον
702 3969 1180 4049 ἐπανορθοῦντας
1253 3966 1723 4048 άπεργάζεσθαι
1790 3966 2000 4032 τέλεόν
2071 3989 2144 4031 τε
2211 3964 2317 4029 καὶ
2388 3965 2589 4039 άληθῆ
2658 3964 2763 4029 τὸν

381 4076 585 4153 λόγον.
655 4071 854 4153 ῶσπερ
901 4074 1028 4152 γάρ
1074 4075 1144 4140 τὸ
1191 4073 1634 4155 μεταγράφειν
1681 4072 1801 4144 τὰς
1849 4071 2135 4143 παλαιὸς
2184 4072 2385 4151 ῥήσεις
2431 4067 2762 4147 προπετές,

379 4178 532 4247 οὕτω
595 4181 702 4246 καὶ
765 4178 1212 4261 φυλάττοντας
1278 4182 1356 4253 ὥς
1418 4180 1787 4259 γέγραπται
1834 4176 2171 4259 βραχείαις
2218 4174 2289 4241 τέ
2336 4199 2493 4241 τισιν
2542 4174 2577 4251 ἢ
2626 4198 2763 4257 προ·

382 4287 650 4352 σθέσεσιν
700 4286 870 4371 (add.
921 4286 954 4361 ἢ
1005 4285 1438 4373 άφαιρέσεσιν)
1489 4286 1522 4361 ἢ
1575 4282 2005 4361 ὑπαλλάξεσιν
2046 4282 2407 4349 διαλύεσθαι
2444 4282 2563 4354 τας
2605 4283 2764 4347 civo·

378 4394 514 4475 ριἀς
561 4394 812 4472 ἀγαθῶν
863 4390 1178 4471 ἐξηγητῶν
1225 4393 1348 4463 ε’ςιν
1401 4390 1594 4473 ἔργον.
1667 4392 1837 4473 Quid
1878 4386 2132 4457 verius?
2181 4388 2349 4471 Quid
2386 4388 2565 4455 dictu
2606 4388 2765 4453 faci-

377 4498 548 4567 lius?
592 4499 662 4565 τὸ
712 4500 762 4564 δ’
813 4498 984 4581 ἔργον
1029 4498 1340 4581 χαλεπόν.
