3436 5161
691 346 776 413 52
1760 364 2003 417 olonae.

684 552 796 617 per
842 554 909 597 se
955 531 1228 617 populus
1273 532 1589 599 interfecit
1635 540 1749 597 aut
1800 536 1987 599 eiecit
2040 531 2451 618 tyrannum”.
2524 532 2671 598 Non
2716 538 2815 598 est
2848 534 3075 618 triper-

685 642 808 703 tita
854 641 1054 703 oratio
1101 640 1184 723 (si
1231 640 1571 723 optimates
1617 645 2071 725 oppresserunt
2092 686 2109 716 ‚
2154 642 2255 705 sin
2300 660 2412 725 per
2458 660 2523 703 ss
2562 638 2836 723 populus
2867 642 3076 704 inter-

683 743 863 817 fecit,
918 746 1014 808 sin
1064 742 1314 828 quando
1355 746 1493 831 regi
1535 748 1668 809 vim
1714 744 2003 827 attulit),
2046 744 2155 809 sed
2195 743 2381 810 alteri
2405 746 2817 829 oppositionis
2841 748 3074 830 prioris

686 849 974 915 membro
1022 850 1148 934 (‚‚si
1189 870 1300 934 per
1345 870 1412 915 se
1458 849 1734 935 populus
1780 850 2167 932 interfecit”‚
2219 849 2385 925 rell.)
2425 870 2664 915 novum
2704 854 3069 935 oppositum

684 955 1078 1043 adiungitur.
1163 954 1460 1021 Ceterum
1528 958 1584 1019 εἰ
1647 956 1975 1039 aliqnando
2032 959 2245 1041 posuit
2307 954 2441 1021 Cic.
2490 954 2610 1021 Off.
2660 955 2713 1021 Ι.
2768 954 2894 1019 139
2941 976 3071 1021 non

683 1061 948 1126 notabili
996 1062 1395 1139 discrimine,
1459 1062 1516 1125 εἰ
1561 1064 1799 1147 quando
1848 1062 1925 1128 de
1972 1082 2151 1128 more
2200 1082 2391 1147 supra
2438 1060 2523 1125 59
2576 1062 2671 1139 „si
2720 1061 2966 1145 quando
3014 1063 3071 1125 si

680 1166 842 1233 forte
909 1170 1028 1233 tibi
1091 1170 1266 1232 visus
1325 1188 1390 1231 es
1461 1169 1646 1233 irasci
1715 1168 1967 1244 alicui”,
2030 1169 2143 1233 ubi
2216 1174 2385 1232 recte
2446 1188 2593 1233 cum
2664 1166 3071 1233 Steinackero

683 1274 738 1336 εἰ
790 1274 963 1360 forte
1010 1275 1252 1338 eiciunt
1295 1272 1617 1358 plerique3
1666 1270 2049 1339 Greuzerum
2072 1320 2089 1352 ‚
2139 1272 2503 1355 Moserum‚
2552 1270 2623 1337 O.
2674 1271 3065 1337 Muellerum

681 1385 738 1443 si
763 1380 938 1465 forte
977 1378 1380 1443 defendentes
1414 1398 1538 1443 non
1581 1398 1911 1463 assequor,
1957 1399 2227 1464 quorum
2270 1377 2373 1443 illi
2411 1378 2741 1461 loquacem
2783 1377 3065 1462 aliquam

687 1486 1154 1551 humanitatem
1215 1487 1282 1549 in
1339 1486 1440 1550 his
1485 1485 1891 1561 detexerunt,
1942 1484 2298 1552 Muellerus
2344 1484 2844 1556 dubitationem,
2908 1504 3071 1568 quae

685 1611 809 1656 non
857 1612 1096 1678 magna
1141 1594 1225 1656 sit
1274 1594 1342 1655 in
1385 1596 1441 1654 ei
1483 1592 1718 1675 quando
1738 1637 1755 1667 ‚
1806 1591 2267 1657 corroboratam
2318 1610 2451 1655 esse
2499 1595 2683 1677 putat
2728 1588 2841 1655 illo
2884 1588 3071 1653 addi-

683 1704 984 1762 tamento.
1055 1696 1579 1763 Demonstratum
1631 1706 1729 1763 est
1774 1718 1964 1781 supra
2002 1700 2585 1781 interpretamentis
2624 1716 2747 1760 non
2787 1694 3069 1760 liberum

685 1823 818 1869 esse
865 1802 1241 1868 Bobiensem
1287 1810 1574 1869 nostrum
1596 1849 1612 1879 ,
1661 1803 1895 1887 quibus
1942 1802 2061 1867 hoc
2110 1822 2357 1887 quoque
2405 1801 2909 1868 adscribendum.

774 1909 850 1974 In
913 1907 1051 1974 loco
1103 1909 1182 1975 de
1229 1930 1353 1994 quo
1399 1910 1590 1975 modo
1635 1910 1903 1996 agebam
1960 1908 2417 1985 „deterrimum
2466 1929 2669 1995 genus
2716 1908 2825 1973 sed
2870 1906 3071 1973 finiti-

685 2035 868 2079 mum
931 2015 1210 2099 optimo''
1267 2014 1410 2099 (65)
1467 2015 1671 2081 haesit
1720 2034 1967 2099 quoque
2020 2014 2413 2097 Muellerus,
2461 2020 2643 2079 acute
2688 2016 3067 2095 coniiciens,

687 2126 960 2202 optimum
1017 2143 1204 2204 penne
1263 2120 1390 2187 huc
1449 2120 1761 2208 migrasse
1818 2140 1853 2185 e
1914 2122 2233 2205 superiore
2295 2140 2516 2194 versu.
2592 2120 2707 2185 ubi
2754 2122 3067 2205 scriptum

685 2226 909 2291 fuerit:
979 2247 1168 2303 „cum
1231 2246 1342 2292 rex
1401 2225 1681 2291 iniustus
1740 2246 1873 2291 esse
1932 2229 2175 2310 eoepit,
2237 2228 2403 2310 perit
2452 2224 2613 2291 illud
2664 2225 2815 2291 ilico
2860 2246 3069 2313 genus

668 2332 1006 2413 finitimum
1067 2330 1337 2415 optimo'’‚
1393 2334 1712 2416 optimum
1764 2334 1937 2396 enim
1984 2352 2117 2397 esse
2162 2352 2365 2418 genus
2412 2334 2692 2397 mixtum
2740 2353 2775 2396 e
2822 2332 3067 2407 tribus,

686 2436 854 2521 quod
915 2443 1212 2523 appareat
1267 2458 1343 2501 ex
1410 2436 1534 2503 50:
1595 2442 1805 2513 „reete
1865 2440 2151 2523 quaeris,
2228 2436 2381 2521 quid
2444 2438 2725 2503 maxime
2773 2459 2808 2503 e
2856 2436 3067 2502 tribus

685 2543 1040 2629 (probem),
1088 2545 1387 2630 quoniam
1430 2563 1646 2611 eorum
1686 2543 1943 2610 nullum
1979 2546 2192 2630 ipsum
2233 2564 2344 2630 per
2380 2564 2449 2610 se
2486 2546 2827 2629 separatim
2872 2546 3065 2627 (recte

683 2649 936 2728 Muell.,
988 2649 1186 2738 vulgo
1235 2689 1304 2700 -
1367 2651 1513 2738 tum)
1563 2653 1795 2736 probo,
1848 2656 2281 2737 anteponoque
2326 2651 2599 2738 singulis
2644 2650 2845 2736 illud,
2894 2652 3063 2737 quod

685 2755 1026 2822 conflatum
1090 2757 1282 2822 fuerit
1341 2777 1420 2822 ex
1467 2756 1831 2823 omnibus”.
1900 2756 2213 2840 Equidem
2262 2758 2353 2822 sic
2399 2759 2768 2822 statuerim:
2816 2757 3055 2842 Scipio,

683 2864 737 2927 si
797 2883 896 2926 res
951 2865 1090 2947 ipsa
1151 2863 1242 2945 (in
1305 2863 1650 2939 abstract0,
1717 2869 1794 2927 nt
1846 2865 2055 2941 aiunt)
2102 2869 2425 2947 spectatur
2468 2862 2632 2927 nihil
2680 2864 3062 2948 praeclarius

683 2970 928 3032 invenit
988 2987 1180 3052 quam
1244 2987 1499 3053 regem,
1561 2967 1664 3032 dei
1709 2970 1952 3032 summi
1996 2969 2349 3055 imaginem
2372 3015 2387 3044 ,
2439 2969 2786 3053 perfectum
2834 2968 3060 3053 illum,

683 3075 980 3156 quoniam
1031 3077 1248 3137 tamen
1293 3073 1350 3135 is
1397 3091 1613 3157 reapse
1661 3093 1788 3138 non
1836 3073 2191 3150 invenitur,
2236 3075 2517 3138 mixtum
2555 3095 2761 3160 genus
2798 3078 3059 3160 probat,

685 3197 812 3242 non
873 3196 1072 3242 unum
1137 3177 1460 3261 quodque,
1523 3178 1630 3243 sed
1694 3176 1883 3262 quale
1944 3177 2151 3245 Roma
2204 3178 2477 3244 hahebat
2524 3181 2630 3260 (cf.
2678 3179 2838 3244 liber
2880 3181 2949 3246 ΙΙ
2996 3187 3063 3246 et

681 3282 848 3346 infra
897 3281 1028 3369 70).
1099 3282 1306 3370 Regia
1354 3279 1556 3350 forma
1593 3286 1931 3372 regiminis
1970 3284 2329 3369 tyrannidi,
2366 3290 2587 3370 utpote
2624 3287 3057 3364 monarchiae,

681 3384 957 3452 finitima
1003 3394 1118 3453 est.

782 3595 889 3663 67.
956 3596 1158 3665 Canes
1207 3602 1398 3664 etiam
1447 3607 1511 3666 et
1558 3603 1743 3686 equi,
1791 3600 1971 3668 aselli
2018 3602 2287 3687 denique
2333 3602 2521 3670 liberi
2564 3606 2657 3672 sic
2700 3607 3056 3685 incurrant,

683 3708 757 3768 ut
803 3704 884 3767 iis
932 3703 1010 3770 de
1056 3707 1163 3769 via
1209 3704 1634 3772 decedendum
1685 3707 1837 3772 sit'’.

775 3806 1076 3898 Corrige:
1127 3811 1375 3888 „liberis
1421 3815 1510 3878 sic
1556 3812 1942 3878 incurrunt''.
1986 3811 2155 3878 Plat.
2196 3812 2354 3899 Rep.
2391 3814 2575 3881 Vm.
2617 3815 2768 3881 563.
2794 3815 2868 3901 O,
2892 3818 3061 3883 unde

687 3915 842 3981 haec
904 3937 1195 4000 expressa
1253 3923 1438 3993 sunt,
1498 3919 1668 3982 κατὰ
1715 3919 1835 3990 τὰς
1884 3917 2051 3992 ὀδοὺς
2100 3919 2533 3997 ἐμβάλλοντες
2582 3924 2665 4002 τῷ
2713 3923 2813 3987 ἀεὶ
2860 3925 3062 3988 ἀπαιν-

685 4027 901 4105 cctam-1,
966 4023 1072 4086 ἐὰν
1135 4023 1224 4100 μὴ
1283 4023 1622 4098 ἐξίστηται.
1671 4061 1757 4073 -
1807 4023 1989 4105 Quod
2035 4028 2101 4091 in
2150 4026 2365 4091 codice
2410 4035 2507 4092 est
2552 4048 2665 4112 pro
2712 4030 2891 4093 liberi
2934 4036 3061 4094 eie:

681 4143 1147 4193 Llnnalsm'rsm
1209 4131 1458 4193 exstitit
1521 4151 1556 4195 e
1619 4133 2005 4196 correctione
2068 4149 2177 4196 1⁸¹1·
2241 4133 2284 4196 i.
2312 4153 2367 4196 e.
2431 4138 2589 4197 inter
2650 4133 2855 4200 alieno
2924 4135 3064 4203 loco

685 4236 964 4314 inserta3
1003 4233 1214 4298 voluit
1262 4237 1430 4299 enim
1483 4241 1795 4302 corrector
1840 4234 2171 4322 archetypi
2215 4257 2328 4322 pro
2374 4238 2727 4303 incurrant:
2769 4246 3065 4306 intercur-

686 4345 862 4422 rant,
927 4339 1094 4422 quod
1153 4359 1350 4428 aeque
1408 4347 1576 4408 recte
1636 4341 1881 4406 dietum
1940 4349 2107 4408 esset
2168 4343 2277 4408 sed
2320 4364 2443 4410 non
2488 4345 2821 4431 respondet
2870 4349 3064 4415 verbo

682 4443 1032 4512 Platonico-
