3436 5161
1489 379 1733 432 monuo.
2718 361 2799 427 51

422 548 742 635 Archytas
785 546 1002 612 Laelio
1050 547 1492 613 auctoritatem
1533 546 1849 612 conciliat.
1913 547 2197 634 Legatur
2235 548 2471 634 igitur:
2517 549 2801 624 „iracun-

423 657 594 720 diam
615 699 631 731 ,
680 652 981 718 videlicet
1019 653 1428 718 dissidentem
1471 673 1510 718 a
1543 656 1787 718 ratione
1805 699 1821 731 ,
1860 651 2237 718 seditionem
2262 652 2582 737 quandam
2606 652 2804 716 animo

407 753 680 826 'movere
726 757 1063 825 ducebat”.

516 970 626 1035 60.
673 969 896 1036 Minus
939 975 1109 1036 recte
1155 969 1402 1036 dictum
1447 970 1704 1037 videtur
1744 971 1860 1037 snb
1885 968 2078 1038 finem
2104 971 2522 1060 paragraphi:
2566 973 2811 1056 „impe-

425 1079 592 1142 rium
609 1125 626 1153 ,
679 1077 846 1161 quod
893 1076 1182 1161 quidem,
1231 1077 1359 1140 nisi
1403 1097 1608 1141 unum
1655 1079 1741 1142 sit
1759 1125 1776 1160 ,
1818 1097 1953 1142 esse
1992 1075 2247 1143 nullum
2274 1076 2535 1161 potest'’.
2579 1076 2813 1162 Populi

425 1191 492 1249 et
551 1184 941 1268 optimorum
1001 1184 1350 1268 imperium
1409 1203 1613 1248 unum
1679 1189 1775 1248 est
1792 1230 1808 1261 ,
1866 1185 1923 1247 si
1971 1183 2262 1249 concordi
2308 1185 2524 1251 animo
2573 1190 2810 1270 agunt;

425 1292 709 1373 requiro:
763 1291 930 1366 „nisi
975 1291 1156 1353 unius
1212 1287 1353 1354 sit''.

519 1497 626 1563 61.
676 1496 870 1564 Haud
915 1501 1048 1564 scio
1094 1519 1175 1566 an
1220 1505 1556 1584 peccatum
1595 1507 1680 1568 sit
1718 1501 1839 1567 hac
1886 1507 1949 1566 et
1997 1500 2083 1566 63
2124 1502 2519 1590 paragrapho
2562 1507 2815 1567 mutato

428 1605 646 1670 ordine
708 1605 1077 1682 verborum3
1146 1606 1464 1690 praefero:
1531 1606 1849 1684 „adducor
1870 1654 1887 1684 ‚
1938 1610 2180 1693 inquit,
2231 1607 2688 1698 propemodum
2739 1611 2815 1671 ut

429 1710 776 1776 assentiar”
840 1710 1105 1798 (vulget
1173 1721 1244 1774 ut
1294 1712 1586 1797 propem.)
1611 1758 1627 1788 ,
1692 1718 1759 1776 et
1823 1720 2076 1789 „noster
2121 1712 2394 1798 populus
2440 1716 2509 1779 in
2556 1733 2708 1798 pace
2755 1721 2819 1778 et

429 1816 601 1881 domi
649 1818 921 1901 imperat
965 1819 1122 1901 ipsis
1169 1818 1652 1904 magistratibus
1698 1824 1764 1883 et
1809 1821 2095 1884 minatur
2114 1865 2130 1896 ‚
2170 1825 2461 1898 recusat,
2500 1818 2778 1904 appellat
2798 1863 2815 1896 ‚

429 1923 772 2007 provocat”
819 1943 930 2008 pro
979 1943 1052 1988 eo
1097 1923 1266 2009 quod
1313 1926 1380 1988 in
1428 1924 1642 1989 codice
1688 1928 1787 1989 est
1828 1927 2144 2009 „imperat
2182 1932 2247 1990 et
2285 1928 2440 2010 ipsis
2474 1928 2817 2013 magistra-

429 2028 606 2092 tibus
669 2027 1008 2093 minatur''.
1093 2028 1240 2094 Nisi
1285 2029 1446 2094 forte
1493 2035 1772 2114 praestat
1819 2037 1877 2093 et
1921 2030 2237 2095 omittere.
2302 2029 2505 2095 Paulo
2552 2033 2816 2117 gravius

433 2140 562 2199 est:
635 2132 825 2216 „licet
885 2136 1056 2198 enim
1119 2119 1477 2218 lascivire,'
1513 2136 1667 2199 dum
1732 2134 1898 2200 nihil
1961 2141 2242 2214 metuas,
2312 2142 2387 2200 ut
2432 2138 2501 2200 in
2547 2138 2697 2200 navi
2744 2157 2817 2201 ac

431 2260 617 2325 saepe
663 2243 859 2304 etism
905 2243 975 2304 in
1023 2241 1245 2307 morbo
1292 2239 1479 2306 levi”.
1557 2240 1758 2306 Recte
1803 2240 2051 2306 dictum
2099 2247 2299 2306 esset:
2354 2247 2471 2318 „u't
2519 2262 2703 2326 saepe
2749 2245 2817 2307 in

431 2348 583 2412 navi
644 2355 834 2431 atque
895 2348 1092 2411 etiam
1139 2349 1208 2410 in
1253 2345 1476 2412 morbo
1521 2345 1745 2430 [levi]”
1792 2352 1904 2411 aut
1960 2349 2068 2424 „in
2116 2349 2523 2434 navigatione
2570 2346 2821 2432 placida

435 2452 702 2536 (quieta)
753 2460 942 2536 atque
988 2454 1182 2517 etiam
1230 2453 1300 2516 in
1345 2451 1568 2516 morbo
1613 2449 1779 2516 levi”
1820 2451 1930 2516 sed
1971 2471 2097 2516 non
2136 2451 2205 2516 id
2244 2453 2412 2536 quod
2452 2473 2619 2518 nune
2659 2451 2818 2539 legi-

433 2563 560 2623 tur.
637 2555 895 2624 Excidit
942 2556 1216 2643 aliquid‚
1255 2558 1518 2623 fortasse
1558 2561 1702 2643 post
1740 2557 1917 2621 navi:
1962 2558 2321 2642 tranquillo,
2363 2558 2529 2642 quod
2572 2562 2819 2625 constat

435 2663 723 2729 absolute
786 2664 1073 2729 adverbii
1127 2682 1303 2728 more
1349 2665 1517 2748 poni.
1590 2661 2011 2728 Proverbium
2062 2662 2231 2747 apud
2278 2661 2581 2728 Senecam
2630 2666 2815 2748 epist.

436 2766 545 2833 85.
596 2768 682 2834 34
733 2768 1153 2854 „tranqui110,
1205 2775 1282 2833 ut
1329 2771 1542 2845 aiunt,
1595 2769 1866 2854 quilibet
1914 2789 2001 2855 gu
2012 2771 2301 2834 bernator
2346 2769 2493 2834 est”.

528 2873 862 2941 Soloecum
925 2881 1022 2939 est
1068 2876 1104 2959 ξ
1152 2873 1270 2939 64:
1330 2896 1496 2953 „non
1542 2893 1679 2939 eros
1724 2894 1840 2939 nec
1888 2875 2177 2940 dominos
2225 2874 2633 2960 appellabant
2677 2897 2815 2955 eos,

435 2982 667 3064 quibus
726 2984 895 3046 iuste
944 2992 1321 3065 paruerunt,
1386 2981 1654 3065 denique
1717 3000 1797 3045 ne
1841 3000 2025 3067 reges
2070 2980 2327 3065 quidem
2352 3029 2367 3059 ,
2419 2982 2528 3046 sed
2578 2986 2817 3066 patriae

436 3086 726 3151 custodes
748 3134 764 3164 ‚
814 3086 923 3151 sed
963 3092 1174 3172 patres
1191 3135 1210 3171 ‚
1251 3086 1360 3173 sed
1397 3086 1600 3152 deos’'.
1647 3084 1792 3152 Dici
1828 3091 2071 3171 potest:
2115 3086 2628 3172 appellaverunt,
2673 3092 2817 3173 qui-

435 3194 556 3257 bus
616 3193 996 3279 paruerunt”
1058 3193 1160 3259 vel
1225 3192 1671 3281 „appellabant
1687 3240 1703 3271 ,
1764 3194 1997 3277 quibus
2044 3194 2383 3279 parebant,
2421 3196 2813 3278 paruerant&

434 3298 578 3365 Hoc
623 3305 1020 3386 postremum
1065 3300 1554 3365 restituendum.
2090 3285 2093 3289 ’

536 3508 703 3580 Cum
741 3534 909 3581 nexu
947 3534 1162 3581 rerum
1203 3518 1450 3601 pugnat
1487 3512 1523 3598 ἓ
1562 3510 1648 3577 65
1687 3510 1982 3578 futurum
2024 3517 2356 3579 exactum:
2403 3519 2542 3593 „est
2564 3516 2821 3582 omnino

435 3640 584 3685 cum
644 3621 722 3687 de
780 3642 1010 3707 genere
1071 3619 1186 3685 illo
1247 3623 1339 3685 rei
1399 3619 1725 3704 publicae,
1790 3619 1958 3703 quod
2019 3622 2303 3685 maxime
2365 3621 2596 3705 probo,
2659 3642 2820 3706 quae

437 3730 640 3792 sentio
701 3729 934 3803 aimaro,
1020 3728 1378 3791 accuratius
1438 3726 1601 3789 mihi
1667 3724 2005 3789 dicendum
2065 3725 2143 3789 de
2206 3728 2821 3791 commutationibus

437 3852 650 3897 rerum
721 3831 1191 3917 publicarum”.
1279 3828 1375 3895 De
1437 3850 1508 3895 eo
1569 3833 1737 3895 enim
1804 3850 1927 3894 non
1991 3830 2263 3893 dicturus
2324 3839 2445 3913 est,
2513 3831 2621 3896 sed
2691 3832 2822 3896 iam

438 3938 633 4021 dixit,
682 3945 747 4003 et
793 3939 1014 4002 statim
1061 3937 1138 4002 ad
1191 3939 1578 4001 mutationes
1625 3938 1875 4000 transit.
1950 3934 2367 4000 Scribendum
2408 3942 2502 4001 est
2543 3938 2821 4001 dixerim.

437 4044 580 4110 Non
619 4046 834 4108 minus
881 4048 1125 4108 certum
1169 4047 1264 4107 est
1305 4044 1539 4126 requiri
1581 4040 1773 4126 paulo
1812 4048 1987 4125 post:
2030 4046 2380 4127 „tyrannus
2407 4042 2823 4107 deterrimum

439 4170 677 4238 genus,
727 4150 835 4213 sed
879 4147 1253 4212 finitumum
1302 4146 1576 4231 optimo”
1623 4165 1749 4211 non
1795 4146 2057 4229 et‘quod
2098 4166 2176 4210 ex
2214 4153 2335 4224 εει,
2382 4146 2581 4211 semel
2620 4150 2827 4232 posita

439 4280 470 4319 e
488 4302 504 4332 ,
567 4260 794 4320 natum
859 4259 973 4320 est.
1063 4251 1220 4318 Post
1282 4272 1509 4337 panca:
1582 4252 1722 4329 „ein
1786 4250 2034 4336 quando
2098 4256 2211 4315 aut
2270 4254 2411 4337 regi
2468 4253 2641 4317 iusto
2686 4255 2821 4317 vim

440 4360 716 4446 populus
777 4357 1043 4425 attulit”
1101 4358 1505 4423 scribendum
1564 4358 1821 4422 videtur
1865 4376 1978 4442 pro
2020 4358 2091 4420 ei.
2169 4354 2267 4423 Cf.
2318 4356 2491 4424 Orat.
2546 4358 2656 4423 III.
2708 4359 2819 4424 95.

437 4466 584 4537 Non
629 4466 847 4530 minus
892 4464 1012 4529 hoc
1058 4461 1196 4529 loco
1241 4464 1308 4529 id
1355 4466 1777 4530 necessarium
1814 4476 1946 4541 est,
1995 4482 2183 4547 quam
2227 4462 2421 4549 paulo
2462 4472 2641 4530 ante:
2688 4465 2825 4551 „ein
