3436 5161
603 308 688 375 56
1595 331 1991 381 nnaonorus.

603 496 965 582 regnavisse
1001 494 1360 559 Herodotus
1395 500 1640 562 censuit
1663 518 1858 562 annos
1882 496 1967 562 27
1996 499 2069 572 ><
2095 495 2180 560 25
2205 522 2285 547 =
2311 497 2477 572 6753
2518 498 2739 562 scribit
2764 503 2977 562 autem

598 603 734 686 ipse
782 603 1058 685 quinque
1097 600 1507 668 Mermnadas
1550 603 1751 689 Lydis
1790 605 2205 689 imperavisse
2248 624 2357 688 per
2393 624 2585 669 annos
2617 603 2742 670 170
2766 606 2981 688 itaque

598 709 884 792 sequitur
929 705 1286 772 Heraclidis
1332 707 1757 795 adsignandos
1807 730 1943 775 esse
1990 729 2181 775 annos
2231 708 2361 774 675
2390 709 2737 775 -17o=
2764 709 2914 774 505.

689 811 818 876 Hic
863 815 1149 896 primum
1199 812 1491 892 offendit,
1542 815 1709 900 quod
1756 817 1823 880 in
1874 814 2093 880 eadem
2134 818 2603 900 computatione
2650 815 2978 882 Mermna-

600 920 715 985 dae
761 918 950 992 modo
993 922 1358 1007 regnavisse
1402 920 1700 986 dicuntur
1739 941 1934 986 annos
1978 919 2018 984 5
2046 921 2120 994 ><
2146 920 2232 985 25
2257 920 2526 999 =125‚
2570 921 2757 987 modo
2811 919 2979 989 170.

599 1024 843 1090 Deinde
885 1044 1073 1089 causa
1109 1044 1233 1090 non
1272 1032 1533 1110 apparet
1555 1077 1572 1100 ,
1619 1047 1732 1092 cur
1770 1026 2139 1092 Herodotus
2178 1025 2450 1114 singulis
2488 1027 2749 1113 regibus
2786 1047 2981 1093 annos

595 1134 850 1196 vicenos
891 1133 1116 1214 quinos
1161 1131 1440 1210 dederit,
1490 1152 1690 1217 quum
1741 1131 1899 1199 alibi
1944 1135 2181 1200 scribat
2227 1132 2291 1198 11
2364 1133 2521 1197 142:
2567 1133 2778 1210 γενεαὶ
2822 1140 2979 1212 τρεῖς

599 1235 819 1322 ἀνδρῶν
884 1235 1103 1302 ἑκατὸν
1158 1237 1304 1300 ἔτεα
1370 1237 1484 1305 bel.
1569 1237 1774 1303 Paulo
1836 1237 2071 1304 melius
2134 1240 2289 1305 haec
2336 1239 2635 1304 constitui
2682 1244 2981 1324 possunt,

592 1348 668 1408 ut
714 1346 912 1408 etiam
961 1363 1216 1408 causam
1264 1341 1743 1428 intelligamus,
1791 1363 1911 1408 eur
1958 1343 2321 1411 Herodotus
2356 1346 2561 1429 spatia
2598 1342 2982 1408 contraxerit

595 1455 659 1514 et
687 1469 954 1536 regnum
983 1446 1472 1512 Heraclidarum
1499 1447 1745 1514 duobus
1772 1449 1898 1514 fere
1925 1449 2193 1515 saeculis
2228 1450 2483 1515 brevius
2508 1449 2746 1516 fecerit.
2795 1449 2979 1524 Quod

594 1555 661 1618 in
723 1552 840 1618 tali
886 1574 954 1618 re
999 1555 1202 1617 satius
1256 1558 1376 1630 est,
1446 1554 1749 1620 rotundos
1796 1575 2093 1622 numeros
2142 1577 2396 1641 ponam.
2470 1553 2707 1639 Captae
2754 1553 2981 1620 Sardes

593 1659 852 1724 fuerunt
901 1663 964 1724 et
1012 1655 1279 1724 Croesus
1325 1662 1594 1745 imperio
1641 1665 1873 1726 exutus
1922 1666 2018 1726 est
2064 1681 2223 1727 anno
2280 1661 2449 1738 5503
2496 1663 2713 1746 itaque
2761 1682 2979 1726 secun·

598 1766 752 1831 dum
816 1764 1215 1830 Herodotum
1279 1761 1602 1830 Candaule
1665 1767 2009 1832 interemto
2066 1764 2290 1855 Gyges
2338 1788 2547 1832 rerum
2600 1769 2841 1852 potitus
2887 1771 2982 1832 est

597 1875 761 1938 circa
821 1892 1056 1936 annum
1113 1867 1348 1948 550-1-
1379 1870 1506 1936 170
1531 1896 1612 1921 =
1637 1869 1791 1936 720.
1862 1869 2175 1938 Hercules
2224 1877 2441 1938 autem
2491 1875 2657 1938 vixit
2700 1893 2979 1959 nongen-

598 1981 680 2044 tis
727 1979 856 2043 fere
903 1977 1084 2041 annis
1129 1983 1274 2042 ante
1319 1975 1721 2042 Herodotum
1744 2028 1761 2061 ‚
1812 1978 1891 2043 cf.
1940 1978 2011 2043 II
2061 1977 2189 2043 145
2210 2029 2228 2063 ,
2277 1983 2491 2064 itaque
2539 1980 2704 2043 circa
2742 1999 2979 2043 annum

601 2084 796 2149 1350.
869 2083 974 2148 Sic
1026 2081 1316 2147 videmus
1362 2082 1440 2146 ab
1489 2081 1769 2148 Hercule
1820 2103 2015 2169 usque
2062 2085 2141 2148 ad
2188 2081 2446 2171 Gygam
2495 2103 2689 2148 annos
2736 2082 2981 2168 elapsos

597 2212 732 2256 esse
785 2187 962 2254 1350
987 2225 1068 2237 -
1099 2186 1228 2253 720
1253 2213 1336 2238 =
1359 2186 1508 2252 630.
1559 2189 1714 2254 Fuit
1756 2195 1971 2255 autem
2014 2188 2370 2256 Candaules
2393 2193 2739 2255 vicesimus
2761 2193 2978 2254 sextus

595 2299 672 2364 ab
735 2295 1013 2362 Hercule
1076 2298 1293 2379 itaque
1354 2293 1630 2382 singulis
1686 2296 1949 2382 regibus
2010 2295 2183 2360 ultra
2229 2293 2315 2360 25
2366 2315 2560 2362 annos
2606 2294 2806 2358 tribui
2853 2314 2980 2360 non

593 2406 922 2489 poterunt,
971 2421 1117 2464 nam
1170 2399 1256 2464 25
1284 2400 1358 2474 ><
1385 2399 1470 2463 25
1497 2425 1577 2449 =
1602 2398 1753 2463 625.
1816 2397 2240 2485 Consequitur
2286 2402 2650 2487 regnavisse
2689 2398 2979 2464 Heracli-

593 2509 704 2574 das
752 2508 830 2572 ab
879 2506 1138 2595 Agrone
1185 2524 1384 2590 usque
1432 2504 1510 2568 ad
1556 2501 1949 2570 Candaulem
1998 2525 2110 2591 per
2156 2525 2351 2570 annos
2375 2505 2462 2570 22
2488 2507 2563 2578 ><
2590 2503 2976 2585 25=550,

591 2614 760 2679 unde
831 2612 1030 2678 efficio
1101 2610 1550 2697 corrigendum
1613 2631 1746 2676 esse
1808 2614 2328 2685 πεντήκοντα
2405 2612 2512 2677 καὶ
2594 2613 2977 2678 πεντακόσιαι

592 2742 705 2807 pro
762 2720 1008 2784 πέντε
1073 2718 1177 2781 καὶ
1245 2715 1646 2781 πεντακόσια.
1734 2715 1958 2803 Itaque
1986 2796 1994 2803 ἱ
2020 2715 2241 2805 Agron
2304 2718 2471 2785 vixit
2527 2720 2691 2783 circa
2737 2738 2976 2783 annum

597 2827 728 2893 550
753 2824 832 2901 -Ι-
860 2823 991 2893 Ι720
1015 2848 1096 2873 =
1123 2820 1296 2889 1270
1361 2842 1635 2907 eumque
1696 2821 2059 2888 Herodotus
2121 2822 2271 2888 fecit
2338 2844 2674 2909 supparem
2725 2822 2981 2910 Trojani

598 2932 781 3009 belli,
833 2931 1000 3016 quod
1049 2930 1244 2993 fuisse
1290 2928 1512 2992 scribit
1561 2930 1947 3015 octingentis
1994 2930 2173 2993 annis
2206 2936 2352 2994 ante
2391 2950 2488 3006 se,
2534 2928 2655 2994 hoc
2694 2934 2791 2993 est
2815 2931 2981 2994 circa

592 3058 826 3103 annum
898 3033 1092 3099 1250.
1182 3032 1364 3114 Quod
1427 3034 1496 3095 in
1559 3034 1858 3098 omnibus
1918 3034 2241 3099 codicibus
2302 3036 2601 3099 scribitur
2661 3033 2844 3099 πέντε
2893 3059 2980 3098 τε

592 3143 695 3207 καὶ
760 3140 1142 3207 πεντακόσια
1203 3139 1421 3205 addita
1483 3138 1825 3223 particula,
1896 3160 2043 3205 nam
2108 3142 2177 3204 in
2228 3142 2437 3205 verbis
2485 3161 2647 3226 quae
2691 3144 2979 3226 proxime

591 3247 972 3334 praecedunt
1034 3245 1136 3309 δύο
1197 3270 1268 3309 τε
1334 3244 1436 3308 καὶ
1513 3242 1737 3321 εἴκοσι,
1809 3266 2271 3329 supervacanea
2344 3244 2570 3311 vocula
2632 3248 2699 3310 in
2763 3246 2977 3313 codice

590 3352 879 3418 Romano
942 3353 1300 3432 omittitur,
1363 3358 1461 3415 est
1530 3350 1649 3415 hoc
1722 3371 1972 3435 quoque
2042 3352 2307 3416 fortasse
2378 3372 2563 3419 verae
2630 3355 2980 3437 scripturae

592 3458 924 3523 indicium.

682 3564 935 3629 Addere
972 3566 1158 3649 juvat
1204 3563 1652 3627 correctionem
1706 3560 2067 3640 Plutarchi,
2114 3564 2299 3627 cuius
2338 3561 2553 3629 locum
2587 3563 2979 3629 Schubertus

589 3669 811 3736 attulit
873 3690 932 3754 p.
1001 3667 1107 3733 32.
1182 3667 1364 3749 Quod
1425 3666 1666 3753 legitur
1725 3669 1793 3731 in
1843 3666 2103 3741 Quaest.
2155 3664 2377 3735 Graec.
2430 3668 2551 3746 45,
2604 3676 2741 3735 erat
2785 3668 2981 3736 fatale

589 3779 848 3863 signum
895 3778 1150 3861 imperii
1199 3774 1526 3860 Lydorum
1577 3772 1853 3849 securis,
1896 3793 2089 3857 quam
2131 3773 2286 3838 olim
2328 3772 2683 3859 Omphalae
2722 3775 2981 3841 dederat

590 3881 918 3947 Hercules.
981 3881 1166 3946 Hanc
1211 3880 1483 3945 securim
1533 3884 1868 3967 gesserunt
1916 3898 2135 3944 omnes
2184 3900 2366 3966 reges
2412 3878 2565 3963 ἄχρι
2612 3880 2977 3957 Κανδαύλης

588 3987 958 4063 ἆπκξιώσας
1009 3987 1088 4051 ἐνὶ
1138 3988 1254 4051 τῶν
1303 3986 1552 4062 ἑταίρων
1599 3992 1805 4065 Φορεῖν
1853 3982 2085 4049 ἔδωκεν.
2148 3985 2329 4049 Ἐπεὶ
2378 3984 2441 4050 δὲ
2483 3988 2689 4064 Γύγης
2730 3987 2977 4059 ἆτος-ὰς

591 4094 878 4171 ἐπολέμει
943 4093 1086 4171 πρὸς
1154 4090 1378 4169 αὐτόν,
1457 4088 1632 4166 ἦλθεν
1690 4091 1993 4168 ’Ἄρσηλις
2054 4091 2122 4154 ἐκ
2196 4090 2457 4157 Μυλέων
2522 4093 2824 4171 ἐπίκουρος
2892 4094 2975 4175 τῷ

591 4198 765 4278 Γύγῃ
829 4198 998 4275 μετὰ
1061 4195 1373 4275 δυνάμεως
1437 4196 1540 4259 καὶ
1605 4196 1705 4260 τόν
1774 4221 1842 4259 τε
1909 4195 2277 4267 Κανδαύλην
2342 4198 2445 4261 καὶ
2495 4196 2597 4261 τὸν
2647 4198 2976 4279 ἑταῖρον

593 4308 784 4371 αὐτοῦ
849 4302 1198 4385 διαφθείρει.
1262 4300 1535 4369 Cuinam
1599 4301 1801 4367 sodali
1864 4304 2135 4367 securim
2187 4303 2531 4369 tradiderat
2580 4301 2977 4371 Candaules?

589 4412 724 4497 Ipsi
786 4407 1000 4497 Gygi,
1051 4412 1302 4494 opinor,
1353 4411 1464 4493 qui
1512 4413 1838 4494 propterea
1885 4428 2035 4496 rege
2080 4407 2422 4474 interemto
2469 4431 2681 4475 rerum
2732 4412 2975 4497 potitus
