3436 5161
1428 412 1761 461 nummus.
2655 392 2789 463 227

489 600 542 643 c.
606 576 1101 644 LXXXXVIII.
1146 577 1364 643 'Obicit
1411 577 1729 664 Apuleius
1774 577 2137 661 Aemiliano
2186 582 2251 643 et
2298 576 2531 645 Rufino
2550 624 2566 657 ,
2617 579 2785 664 quod

396 682 604 749 filium
652 687 964 749 iuniorem
1021 684 1414 750 Pudentillae
1456 692 1863 770 corrumpant
1909 692 1972 751 et
2020 684 2098 751 ad
2146 687 2351 751 vitam
2390 684 2781 772 flagitiosam

396 791 720 857 adliciant.
781 793 904 869 „In
960 794 1102 855 ludo
1161 814 1385 873 quoque
1436 794 1803 873 aladiatorio
1855 794 2147 879 frequens
2214 794 2433 857 visitur
2451 841 2470 875 ‚
2542 794 2785 857 nomina

387 898 790 980 qladiatorum
836 906 892 961 et
933 922 1167 981 puqnas
1212 907 1268 963 et
1313 901 1565 963 vulnera
1601 901 1791 982 plane
1834 900 2065 984 quidem
2101 906 2169 963 ut
2208 891 2673 982 honestuc'puer
2710 901 2785 963 ab

395 1009 520 1087 ipso
584 1005 810 1068 lanista
855 1006 1113 1069 docetur.
1186 1004 1436 1071 Ultima
1481 1026 1668 1071 sensu
1715 1026 1917 1071 vacua
1935 1056 1950 1083 ‚
2000 1008 2277 1072 conicio:
2316 1006 2507 1089 plane
2550 1006 2785 1091 quidem

393 1120 464 1172 ut
525 1126 670 1174 '1⁸1Ro
729 1112 1005 1174 honestus
1053 1134 1210 1195 puer
1271 1116 1347 1173 ab
1405 1117 1532 1194 ipso
1591 1113 1820 1176 lanista
1865 1113 2126 1175 docetur.
2200 1110 2577 1197 Quanquam
2624 1132 2785 1197 puer
2900 1178 2909 1185 ,

394 1215 656 1280 honesto
703 1215 840 1281 loco
887 1222 1064 1281 ortus
1102 1224 1317 1282 tamen
1359 1226 1687 1302 tamquam
1713 1216 1972 1283 infimae
1997 1217 2383 1283 condicionis
2405 1216 2599 1285 homo
2618 1264 2636 1299 ,
2660 1220 2785 1283 tiro

393 1320 852 1409 gladiatoriae,
901 1324 980 1387 ab
1025 1324 1162 1408 ipso
1211 1322 1443 1389 lanista
1479 1322 1864 1390 instituitur.

488 1555 541 1598 c.
592 1532 696 1600 CI.
743 1533 872 1618 ipae
918 1535 1038 1599 iam
1059 1581 1074 1612 ‚
1123 1542 1190 1598 ut
1236 1535 1416 1619 libet,
1461 1546 1706 1599 matrem
1750 1558 1915 1601 suam
1961 1538 2036 1600 de
2080 1542 2269 1601 cetero
2318 1544 2550 1603 exoret.-
2596 1537 2785 1623 mihi,

396 1648 461 1704 ut
514 1642 677 1703 ultra
715 1663 824 1723 pro
871 1664 935 1705 eo
975 1642 1249 1723 deprecer
1266 1689 1281 1720 ‚
1325 1643 1512 1705 locum
1549 1664 1666 1707 non
1715 1643 1983 1727 reliquit.
2024 1644 2149 1726 ipse
2187 1649 2307 1709 iam
2344 1651 2411 1707 ut
2444 1642 2545 1708 «mi
2570 1650 2785 1728 potem

395 1769 466 1809 ac
511 1748 608 1809 vir
652 1753 987 1825 (sumserat
1033 1754 1246 1813 autem
1289 1756 1505 1834 togam
1547 1748 1827 1827 virilem)
1881 1750 2286 1813 acerbissimae
2342 1752 2551 1815 litem-s
2602 1751 2785 1815 matri

393 1852 578 1916 dictet
637 1860 693 1916 et
753 1855 908 1916 iram
967 1854 1094 1917 eius
1149 1854 1448 1919 deleniat.-
1494 1859 1596 1939 qui
1632 1856 1835 1937 potuit
1872 1878 2161 1939 perorare
2181 1904 2197 1933 ,
2237 1857 2469 1940 poterit
2516 1878 2783 1923 exorare.

394 1957 640 2022 Mirum
665 2005 679 2033 ,
731 1958 972 2036 hercle,
1025 1958 1290 2023 modum
1341 1963 1470 2025 irae
1516 1962 1802 2027 cuiusvis
1850 1960 2256 2027 deleniendae
2318 1961 2613 2028 dictando
2674 1961 2785 2027 lit-

396 2071 562 2129 teras
609 2062 1078 2129 acerbissimas!
1151 2064 1684 2139 Hildebrandius;
1729 2056 1979 2145 „Locus
2017 2069 2341 2133 obscurior
2362 2074 2479 2135 est.
2506 2067 2785 2135 Bosscha

393 2170 772 2235 emendabat
833 2172 1294 2257 acceptissimae,
1343 2193 1462 2260 ego
1510 2173 1947 2237 amantissimas
1958 2202 1987 2251 ,·
2034 2180 2099 2239 at
2147 2173 2331 2241 ulcus
2374 2174 2570 2240 altius
2619 2174 2787 2239 mihi

393 2276 609 2341 sedere
655 2278 912 2343 videtur
931 2324 946 2355 ‚
995 2298 1192 2362 quum
1243 2282 1440 2343 etiam
1486 2280 1667 2344 dictet
1714 2279 2103 2364 displiceat’'.
2174 2280 2397 2365 Neque
2436 2280 2603 2345 mihi
2644 2280 2785 2367 pla-

391 2389 498 2449 eet
515 2429 532 2459 ,
598 2386 777 2467 atqui
834 2383 1299 2450 restituendum
1350 2403 1604 2451 censeo:
1655 2386 2064 2451 acerbissimae
2114 2387 2353 2451 litterae
2398 2386 2580 2451 macri
2625 2387 2785 2452 dict-

391 2506 560 2555 A'ms
607 2500 870 2555 Excusat
917 2498 974 2555 et
1017 2492 1170 2555 iram
1220 2493 1345 2555 eiua
1394 2492 1676 2555 deleniat.

487 2705 944 2772 Haarlemi.
1171 2747 1180 2756 -
1916 2705 1977 2771 J.
2026 2723 2156 2771 vni
2202 2723 2329 2772 mm
2376 2703 2601 2772 me.

1115 3357 1202 3404 An
1249 3353 1600 3416 sornooms
1645 3352 2039 3407 Δκτιαοπω..

475 3575 612 3641 395
662 3597 757 3663 sq.

837 3685 994 3759 μισῶ
1045 3703 1126 3760 γε
1171 3677 1377 3757 μέντοι
1429 3673 1650 3758 χῶταν
1701 3677 1763 3740 ἐν
1812 3681 2050 3740 κακοῖσι
2099 3697 2192 3748 τις

837 3788 1064 3873 ἁλούς,
1113 3783 1334 3850 ἔπειτα
1381 3787 1561 3847 τοῦτο
1607 3781 1941 3848 καλλύνειν
1989 3779 2166 3846 θέλει.

373 3896 524 3963 Non
569 3915 698 3961 uno
743 3896 1000 3960 nomine
1046 3892 1200 3958 haec
1247 3889 1601 3975 displicent.
1677 3887 1959 3954 Locutus
2007 3893 2105 3953 est
2142 3885 2343 3954 Creon
2384 3885 2463 3952 de
2503 3887 2587 3952 iis
2605 3929 2622 3964 ‚
2662 3885 2777 3971 qui

371 4001 568 4069 vultu
631 4007 696 4067 et
757 4022 863 4068 ore
927 4000 1377 4066 conscientiam
1425 4017 1611 4062 suam
1663 3995 1973 4080 produnt;
2023 3995 2257 4080 quibus
2300 4013 2471 4058 nunc
2516 3993 2781 4078 opponit

371 4129 484 4174 eos
505 4155 522 4184 ,
571 4110 681 4192 qui
729 4107 1101 4192 deprehensi
1149 4103 1568 4170 malefactum
1615 4122 1806 4167 suum
1855 4101 2018 4167 falsa
2057 4103 2266 4185 specie
2306 4117 2615 4166 exornare
2650 4118 2781 4164 non

366 4219 695 4281 verentur.
766 4213 992 4280 Dicere
1057 4217 1274 4278 autem
1319 4230 1388 4275 se
1433 4209 1575 4273 illos
1623 4231 1853 4294 quoque
1895 4208 2102 4273 odisse
2148 4209 2347 4271 nimis
2393 4203 2776 4292 languidum

367 4326 487 4388 est.
561 4319 808 4385 Deinde
849 4339 976 4402 non
1025 4321 1182 4384 satis
1229 4319 1325 4382 ita
1361 4313 1434 4380 fit
1471 4317 1886 4400 perspicuum
1923 4311 2262 4379 Creontem
2302 4331 2369 4377 se
2407 4312 2486 4376 ab
2524 4309 2778 4376 Ismene

365 4428 624 4494 absenti
671 4425 751 4491 ad
796 4431 1196 4511 praesentem
1240 4423 1632 4508 Antigonam
1684 4425 2069 4488 convertere.
2140 4416 2267 4483 Sed
2315 4417 2609 4483 omnium
2654 4415 2779 4480 mi-

375 4535 563 4600 nime
610 4533 729 4600 hoc
777 4532 1108 4598 ferendum
1127 4577 1144 4610 ,
1196 4529 1361 4616 quod
1410 4527 1805 4592 desideratur
1848 4525 1916 4592 id
1934 4577 1952 4601 ‚
1997 4525 2075 4591 ad
2115 4523 2282 4610 quod
2320 4523 2539 4589 referri
2578 4521 2779 4607 possit
