3436 5161
1279 356 1552 406 mnus
1598 357 1933 408 sosarnus.
2672 334 2801 406 387

413 521 642 590 litibus
700 524 1044 610 imperium
1104 525 1386 609 accipere
1433 523 1658 602 malit,
1705 524 1924 610 Antiq.
1980 522 2086 590 19.
2135 522 2197 592 3.
2246 523 2307 590 3.
2358 524 2435 590 ΕΞ
2486 523 2551 589 δὲ
2599 525 2801 605 ἀρχῆς

414 629 680 710 ὀρέγοιτο
703 679 722 708 ,
773 631 947 709 παρὰ
994 638 1106 706 τῆς
1153 631 1388 710 βουλῆς
1436 630 1727 712 δέχεσθαι
1778 630 2085 708 διδομένην
2104 654 2119 670 ·
2138 711 2144 716 .
2165 630 2505 712 αἷσιώτερον
2544 631 2672 710 γὰρ
2698 631 2802 696 καὶ

414 735 806 812 εὔδαιμον
828 735 908 804 ές·
931 761 1098 817 ερον
1158 739 1509 816 χρῆσθαι
1571 736 1677 802 τὸν
1739 738 1829 814 μὴ
1893 738 2061 814 μετὰ
2124 734 2353 816 ὕβρεως
2402 737 2553 802 ἄλλ’
2600 737 2801 821 εὐνοίᾳ

411 843 530 906 τῶν
577 842 852 908 διδόντων
901 840 1518 922 παραλαμβάνοντα.
1567 842 1886 930 Equidem
1932 846 2245 932 corrigam
2266 871 2285 909 .·
2324 845 2399 910 αὶ
2414 843 2801 921 δημονέςε-

409 972 544 1030 ρον·
577 952 1066 1034 χρήσεσθαι.

501 1166 718 1251 Antiq.
770 1163 876 1230 19.
927 1165 992 1232 4.
1043 1163 1083 1230 3
1146 1165 1564 1230 circumstant
1608 1162 1855 1230 milites
1901 1162 2205 1231 Senatum
2256 1166 2371 1252 qui
2416 1165 2689 1232 habetur
2731 1166 2801 1231 in

410 1271 562 1338 aede
607 1271 645 1337 J
651 1275 788 1337 ovis
833 1270 1144 1356 Victoris,
1191 1271 1268 1336 cf.
1319 1269 1584 1336 Preller.
1633 1269 1851 1358 Myth.
1902 1271 2093 1337 Rom.
2142 1271 2173 1337 I
2218 1293 2276 1357 p.
2326 1268 2479 1338 177.
2526 1270 2803 1337 Electio-

408 1397 555 1442 nem
604 1375 870 1443 Senatui
917 1380 1300 1464 permittunt
1320 1425 1338 1456 ,
1384 1378 1574 1444 modo
1620 1380 1967 1465 impe-rium
2017 1380 2123 1444 uni
2167 1378 2505 1444 deferatur.
2565 1383 2642 1442 'O
2663 1381 2751 1455 ρᾶ
2771 1401 2801 1440 ν

411 1482 474 1548 δὲ
522 1483 766 1557 ἐκείνοις
817 1484 1160 1564 ἐπιτρέπειν
1208 1482 1333 1558 ‹is-ec
1382 1483 1672 1560 τοιαύτης
1723 1483 2067 1566 προςασίας
2116 1483 2307 1563 ἄξιος.
2382 1484 2607 1551 Nonne
2663 1484 2801 1548 ἐᾶν

409 1588 729 1676 praestat?

498 1802 852 1870 Revocarat
903 1805 984 1870 ad
1031 1826 1099 1871 se
1143 1826 1254 1871 rex
1303 1806 1590 1892 Agrippa
1636 1807 1917 1871 amicum
1969 1806 2285 1890 quendam
2304 1853 2323 1884 ‚
2369 1827 2561 1892 quem
2607 1828 2797 1894 prop-

407 1914 505 1974 ter
579 1913 1132 1996 importunitatem
1199 1917 1264 1976 et
1325 1913 1451 1976 oris
1515 1911 1844 1976 licentiam
1909 1911 2305 1997 aliquamdiu
2380 1912 2527 1978 aula
2590 1934 2801 1980 carere

406 2015 696 2081 iusserat.
769 2017 1042 2082 Amicus
1105 2023 1438 2082 revocatus
1502 2018 1916 2083 vociferatur:
1985 2021 2345 2082 πεπαῦσθαι
2395 2018 2668 2094 νενόμικέ
2715 2043 2797 2096 με

409 2128 519 2195 τῆς
568 2125 949 2203 παρρησίας,
996 2121 1066 2197 ἣν
1113 2125 1238 2188 άπὸ
1287 2129 1516 2188 ποιοῦ
1565 2122 1904 2194 συνειδότος
1945 2122 2103 2204 ἔχων
2141 2129 2243 2188 νῦν
2280 2125 2592 2202 βοήσομαι
2632 2130 2801 2202 μᾶλ-

409 2243 553 2305 λον;
604 2229 808 2317 Lege:
857 2230 982 2295 άπὸ
1030 2232 1334 2307 τούμοῦ
1385 2230 1737 2302 συνειδότος.
1804 2230 2011 2296 Locus
2057 2238 2155 2296 est
2200 2232 2268 2296 in
2315 2233 2533 2316 Antiq.
2586 2230 2691 2297 19.
2736 2230 2798 2297 7.

415 2337 473 2401 1.
516 2333 704 2399 Alius
751 2341 886 2400 erat
932 2336 1041 2422 qui
1089 2337 1315 2401 itidem
1367 2357 1582 2422 regem
1634 2336 1974 2402 offenderat
2019 2334 2244 2422 Antiq.
2297 2335 2401 2404 19.
2455 2336 2515 2404 7.
2567 2336 2643 2401 4:
2692 2337 2797 2402 καὶ

409 2440 438 2505 ὃ
483 2440 788 2518 βασιλεὺς
856 2443 1074 2524 αὐτῷ
1127 2441 1160 2516 ἦ
1210 2441 1608 2523 προσεδόκησέ
1672 2465 1765 2514 τις
1832 2441 2286 2518 διηλλάττετο,
2335 2443 2449 2507 ubi
2502 2445 2797 2508 θάττον

407 2548 803 2616 commendo.

497 2762 635 2828 Rex
695 2761 989 2850 Agrippa
1034 2762 1257 2849 Beryti
1302 2760 1488 2827 ludos
1535 2760 1823 2827 editurus
1870 2759 2273 2833 ἑπτακοσίους
2322 2758 2545 2838 ἄνδρας
2595 2761 2795 2826 ἐπτα-

408 2868 622 2940 κοσίοις
690 2867 1169 2954 μαχησομένους
1237 2866 1524 2945 ἔπεμψε,
1592 2869 1808 2954 Antiq.
1872 2866 1973 2932 19.
2026 2866 2086 2934 7.
2139 2867 2201 2932 5.
2270 2867 2415 2934 Non
2460 2868 2642 2933 misit
2685 2889 2797 2933 rex

405 2974 792 3063 gladiatores
837 2974 1020 3040 mille
1066 2981 1131 3039 et
1180 2974 1711 3062 quadringentos,
1763 2975 1869 3039 sed
1918 2976 2319 3061 septingenta
2357 2976 2534 3059 paria
2572 2980 2638 3038 et
2660 2973 2797 3038 bini

403 3082 754 3168 pugnaturi
802 3086 998 3146 erant.
1070 3080 1341 3151 Τούτους
1390 3084 1502 3156 μὲν
1551 3080 1620 3153 δὲ
1675 3080 2036 3144 πασσυδὶ
2088 3079 2434 3161 διέφθειρεν.
2488 3079 2603 3145 Est
2640 3079 2797 3144 haec

405 3186 596 3253 lectio
659 3188 893 3253 codicis
957 3187 1165 3275 Lugd.
1215 3187 1482 3264 Batavi,
1549 3208 1741 3273 quem
1790 3185 2121 3251 Bekkerus
2167 3188 2487 3270 sequitur;
2540 3188 2607 3251 in
2652 3183 2798 3249 reli·

406 3297 549 3379 quis
610 3291 795 3359 libris
857 3298 985 3359 eet:
1044 3296 1289 3367 τούτους
1339 3293 1452 3371 μὲν
1501 3295 1573 3367 δὴ
1623 3292 1871 3363 πάντας
1919 3291 2552 3373 συνδιέφθειρεν.
2626 3289 2796 3367 Quid

403 3398 606 3467 latet?
654 3398 890 3487 Opinor
939 3400 1182 3475 πάντας
1233 3400 1522 3467 σύνδυο
1570 3398 2053 3481 διέφθειρεν.

497 3610 720 3699 Antiq.
775 3612 876 3678 19.
935 3613 1040 3678 11.
1093 3612 1136 3678 2
1195 3615 1430 3681 vitiosa
1489 3614 1803 3698 scriptura
1863 3612 2003 3684 τοὺς
2042 3578 2283 3713 ’.ὦμομ
2304 3612 2331 3677 ἐ
2350 3636 2425 3677 νο
2447 3635 2526 3682 υς
2590 3609 2794 3692 ὅρκους

408 3720 508 3784 uti
556 3718 734 3786 vides
782 3719 960 3802 ducit
1006 3719 1088 3785 ad
1135 3721 1163 3784 ὃ
1181 3744 1230 3795 μ
1249 3744 1292 3783 ω
1309 3743 1359 3797 μ
1375 3744 1402 3784 ο
1418 3746 1467 3796 μ
1488 3718 1561 3783 έν
1580 3742 1607 3785 ο
1625 3743 1658 3783 υ
1680 3743 1709 3790 ς
1747 3720 1959 3804 potius
1983 3740 2171 3804 quam
2196 3719 2275 3784 ad
2299 3716 2791 3795 ὀμωμοσμένους.

409 3824 632 3912 Itaque
679 3823 1089 3891 confirmatur
1135 3828 1302 3913 quod
1351 3826 1539 3891 hodie
1585 3825 1663 3891 de
1707 3846 1859 3893 vera
1906 3826 2111 3892 forma
2158 3827 2578 3910 suspicamur.

495 4035 648 4103 Inde
695 4038 775 4103 ab
821 4042 1030 4103 morte
1068 4040 1241 4125 regis
1280 4039 1611 4125 Agrippae
1648 4036 1965 4123 Josephus
2002 4037 2170 4103 redit
2206 4037 2285 4102 ad
2311 4037 2611 4101 orationis
2634 4038 2793 4101 sim-

405 4142 754 4228 plieitatem
777 4190 794 4220 ,
843 4149 992 4208 sunt
1038 4152 1256 4210 autem
1293 4146 1362 4209 in
1403 4144 1521 4209 hoc
1559 4148 1879 4228 postremo
1917 4143 2081 4209 libro
2120 4142 2429 4209 vicesimo
2448 4188 2465 4221 ‚
2490 4145 2603 4228 qui
2625 4164 2794 4210 nunc

405 4251 725 4334 sequitur,
794 4270 994 4335 pauca
1055 4256 1312 4315 tantum
1366 4270 1526 4335 quae
1572 4252 1728 4315 satis
1773 4248 2185 4335 probabiliter
2232 4252 2544 4335 corrigere
2588 4251 2791 4336 potui.

405 4353 634 4421 Veluti
677 4354 1104 4441 supplendum
1152 4362 1248 4421 est
1292 4354 1516 4442 Antiq.
1565 4356 1673 4421 20.
1724 4355 1787 4420 2.
1842 4360 1914 4421 1:
1968 4357 2096 4421 θεοῦ
2144 4357 2386 4439 προνοίᾳ
2435 4357 2539 4422 καὶ
2588 4360 2790 4436 ἀρχῆς

405 4460 864 4551 (εὐτυχοῦς)
927 4463 1122 4545 τυχὸν
1188 4464 1292 4529 καὶ
1343 4462 1554 4537 τέλους
1607 4464 1909 4544 εὐτυχοῦς
1954 4463 2333 4543 τευξόμενον.
2409 4463 2627 4549 Antiq.
2676 4460 2787 4528 20.
