3436 5161
733 331 869 401 366
1590 351 1867 403 mvms
1909 350 2245 403 mannua.

728 518 1401 605 Appropinquantibue
1462 515 1836 605 Babyloniis
1901 516 2163 585 oderant
2215 514 2254 585 J
2259 516 2444 585 udaei
2487 516 2528 583 J
2533 518 2834 585 eremiam
2885 516 3116 595 μὲντιν

600 686 605 698 ,
732 631 933 691 κακῶν
979 646 1182 710 neque
1227 644 1537 710 umquam
1582 626 1668 689 τα
1716 624 1956 703 κρήγυα
2003 624 2273 703 λέγοντα
2293 672 2310 703 ,
2359 624 2464 691 vel
2514 623 2979 706 προφητεύοντα
3021 625 3106 697 εἷς

732 729 987 815 ἀγαθά,
1049 733 1243 797 sicuti
1294 728 1844 827 Septnagintavffi
1889 728 2259 817 loquuntur.
2332 728 2458 797 Sed
2504 729 2661 797 dum
2707 729 2786 797 de
2830 728 3114 797 Jeremia

730 839 984 919 scribit,
1045 836 1083 904 J
1087 837 1358 924 oeephus
1417 857 1599 904 auam
1662 842 1896 903 sortem
1959 840 2202 925 cogitat
2265 858 2454 925 aeque
2499 858 2650 903 eum
2700 844 2912 904 vetere
2955 835 3112 902 Pro-

728 944 923 1033 pheta
968 950 1309 1031 comparat.
1370 943 1516 1029 Ipse
1560 964 1812 1030 quoque
1855 943 2014 1009 olim
2061 946 2142 1011 ab
2188 944 2579 1031 Imperatore
2625 941 2770 1009 Tito
2823 943 2908 1009 ad
2949 941 3112 1007 Eje-

728 1051 1219 1139 roaolymitanoa
1264 1052 1498 1117 missus
1544 1050 1753 1117 fuerat
1801 1049 1878 1117 de
1924 1050 2242 1117 deditione
2261 1100 2278 1135 ,
2319 1051 2429 1117 sed
2475 1049 2729 1117 Zelotae
2774 1050 3114 1117 noluerant

726 1176 946 1225 aurem
991 1157 1311 1245 praebere.
1380 1155 1617 1223 Verum
1680 1176 1831 1223 cum
1880 1156 2005 1223 duo
2051 1156 2295 1223 faciunt
2340 1157 2514 1224 idem
2531 1205 2552 1237 ,
2599 1177 2724 1223 non
2771 1162 2868 1223 est
2911 1155 3108 1222 idem.

816 1356 1031 1441 antiq.
1085 1354 1192 1421 10.
1245 1352 1349 1420 10.
1400 1350 1478 1419 3:
1526 1355 1577 1420 εἰ
1625 1354 1679 1421 δ’
1728 1356 1938 1431 αὐτοῖς
1989 1352 2311 1421 Ξκθοιτο
2349 1357 2459 1432 την
2497 1354 2636 1437 ὄψιν
2667 1359 2773 1421 τοῦ
2801 1354 3106 1441 ἐνυπνίου,

726 1460 1105 1529 commendo
1150 1460 1556 1540 διηγοῖτο.

814 1656 1114 1725 Vidimus
1159 1678 1351 1744 supra
1395 1656 1476 1725 ad
1525 1660 1744 1744 Antiq.
1788 1657 1850 1725 6.
1897 1658 2000 1724 14.
2043 1659 2085 1724 4
2103 1708 2120 1737 ,
2175 1662 2506 1745 prostratis
2545 1658 2582 1726 J
2589 1652 2937 1727 udsseornm
2977 1662 3106 1747 opi-

726 1766 879 1843 bus,
928 1774 1145 1832 tamen
1188 1764 1574 1851 Joeephnm,
1636 1764 1791 1831 dum
1843 1764 1880 1832 J
1886 1766 2228 1833 udaeorum
2279 1766 2558 1833 Annales
2599 1767 2936 1851 scriberet,
2981 1786 3106 1833 non

724 1870 1159 1956 desperaviese
1218 1871 1295 1937 de
1355 1871 1543 1937 rebus
1597 1870 1834 1937 futuris
1883 1878 1948 1938 et
1992 1876 2206 1940 animo
2253 1881 2644 1962 auguratum
2689 1872 2889 1938 fuisse
2935 1878 3103 1939 tem-

722 1997 879 2063 pus,
926 1997 1051 2063 quo
1097 1976 1550 2065 Hierosolyma
1595 1984 1787 2062 eaput
1835 1977 1995 2045 foret
2039 1982 2236 2045 totius
2281 1981 2470 2049 orbis.
2519 1977 2736 2045 Metus
2776 1986 2993 2045 tamen
3035 2000 3106 2045 oe

723 2082 1109 2171 praecludit,
1158 2106 1238 2151 ne
1284 2082 1437 2169 quid
1484 2082 1613 2148 tale
1658 2082 1931 2149 effutiat.
2010 2083 2284 2173 Legerat
2327 2086 2496 2171 apud
2547 2085 2876 2152 Danielem
2918 2086 2990 2151 2.
3016 2084 3103 2151 35

722 2190 794 2255 in
853 2190 1369 2275 interpretatione
1428 2190 1661 2255 somnii
1708 2188 1874 2274 quod
1923 2188 2414 2257 Nebueadnezar
2461 2190 2742 2257 viderat:
2789 2191 2817 2256 δ
2865 2193 3028 2263 λίθοι,-
3073 2192 3102 2256 ὅ

726 2295 1024 2375 πατάξας
1086 2298 1195 2371 τὴν
1255 2295 1461 2363 εἰκόνα
1516 2296 1768 2373 ἐγενήθη
1817 2294 1939 2377 ὄρος
1985 2295 2165 2376 μέγα
2213 2296 2317 2363 καὶ
2368 2299 2679 2377 ἐπλήρωσε
2729 2300 2946 2363 πᾶσαν
2991 2301 3103 2373 τὴν

721 2410 864 2483 γῆν.
915 2400 1041 2468 Sed
1085 2404 1319 2468 metuit
1364 2424 1443 2469 ne
1492 2402 1647 2489 quid
1690 2400 1962 2472 offendat
2007 2410 2319 2470 terrarum
2359 2404 2649 2470 dominos
2685 2405 2902 2490 itaque
2924 2401 3106 2470 addit

724 2510 941 2596 Antiq.
996 2506 1097 2575 10.
1152 2506 1256 2574 10.
1308 2509 1383 2575 4:
1448 2508 1714 2587 ἐδήλωσε
1774 2510 1836 2575 δὲ
1900 2507 2004 2575 καὶ
2069 2511 2200 2592 περὶ
2267 2515 2373 2576 τοῦ
2435 2511 2602 2575 λίθου
2664 2518 2966 2586 Δανιῆλος
3013 2510 3102 2592 τῷ

722 2615 1017 2696 βασιλεῖ,
1080 2618 1229 2681 ἀλλ’
1293 2615 1426 2693 ἐμοὶ
1487 2617 1601 2694 μὲν
1661 2618 1767 2682 οὐκ
1829 2614 1992 2694 ἔδοξε
2051 2621 2231 2684 τοῦτο
2289 2619 2536 2697 ἱςορεῖν,
2583 2618 2667 2683 τοὶ
2716 2617 3105 2698 παρελθόντα

724 2721 827 2788 κα)
876 2723 962 2788 τὰ
1009 2721 1401 2801 γεγενημένα
1447 2721 1848 2804 συγγράφειν
1893 2725 1959 2790 ού
2006 2725 2091 2789 τὰ
2130 2723 2450 2802 μέλλοντα
2476 2725 2802 2806 ὀφείλοντι.
2854 2725 3106 2808 Nempe

721 2827 1127 2896 commendat
1178 2828 1519 2894 lectoribus
1567 2836 1641 2895 ut
1682 2831 1822 2916 ipsa
1866 2828 2151 2897 Danielis
2197 2832 2392 2898 verba
2433 2830 2654 2922 legant
2701 2837 2766 2898 et
2813 2831 3104 2920 relegant

716 2941 783 3003 et
828 2933 1173 3024 diligenter
1214 2935 1620 3002 meditentur.

810 3129 1009 3198 Venio
1066 3130 1148 3199 ad
1192 3131 1411 3217 Antiq.
1462 3130 1568 3197 11.
1621 3130 1676 3198 1.
1735 3133 1808 3199 1:
1867 3134 1896 3198 ὃ
1949 3131 2102 3206 Θεὸς
2149 3142 2432 3214 προεῖπεν
2480 3137 2690 3210 αὐτοῖς
2735 3135 2814 3209 ὡς
2857 3173 2941 3184 -
2984 3145 3098 3210 τῆς

718 3240 997 3321 ἀρχαίας
1044 3237 1503 3304 ἀπολαύσουσιν
1547 3240 1960 3317 εὐδαιμονίας.
2022 3241 2274 3306 Ταῦτ’
2329 3245 2538 3317 αὐτοῖς
2587 3241 2893 3326 παρέσχε.
2953 3240 3100 3309 Non

718 3345 849 3412 fero
896 3341 1013 3412 hoo
1059 3343 1386 3410 ἀσύνδετον
1432 3353 1499 3412 et
1542 3347 1854 3413 scribam:
1903 3339 1948 3412 ἃ
1993 3371 2031 3412 τ
2049 3346 2082 3412 ό
2095 3349 2154 3412 τ’
2204 3349 2437 3422 αὐτοῖς.

805 3545 1025 3628 Antiq.
1090 3542 1197 3608 11.
1248 3543 1308 3610 1.
1355 3540 1429 3609 3:
1492 3563 1607 3630 pro
1664 3545 2183 3627 τετρακόσιοι
2241 3547 2675 3634 reponendum
2723 3553 2822 3614 eet
2871 3571 3096 3629 τρια·

713 3647 973 3714 αόσιοι
1019 3669 1095 3716 ex
1140 3647 1281 3715 Eur.
1328 3647 1526 3715 264.

806 3834 1023 3919 Antiq.
1075 3831 1177 3897 11.
1235 3830 1296 3897 3.
1350 3829 1470 3898 102
1517 3833 1629 3919 qui
1676 3833 2002 3920 Babylone
2050 3834 2374 3903 redierunt
2417 3858 2541 3905 non
2597 3837 3095 3919 κατῳκίσθη-

718 3960 864 4003 σαν
912 3939 996 4012 εἷς
1043 3937 1131 4004 τὰ
1176 3936 1602 4020 Ἱεροσόλυμα,
1651 3939 1762 4006 sed
1808 3943 2455 4022 μετῳκίσθησαν.

806 4135 951 4203 Non
1012 4138 1169 4202 eatis
1228 4133 1525 4227 intelligo
1570 4139 1786 4225 Antiq.
1836 4139 1938 4204 11.
1987 4142 2050 4205 4.
2098 4139 2173 4206 2:
2219 4143 2660 4223 συνείχετο
2707 4145 2742 4220 ἦ
2792 4146 2901 4209 τοῦ
2947 4147 3094 4208 ναοῦ

717 4245 1099 4319 κατασκευή.
1145 4246 1245 4308 An
1294 4245 1478 4318 ἦπεί
1492 4269 1537 4320 γ
1560 4241 1735 4309 ero?
1780 4243 1853 4310 In
1901 4245 2119 4311 eadem
2166 4250 2596 4336 paragrapho:
2646 4247 2778 4314 ὅσον
2825 4245 2945 4316 εἷεν
2979 4257 3092 4328 τῆς

714 4350 995 4432 οὶρχαίας
1042 4348 1433 4428 εὐδαιμονίας
1481 4349 1940 4428 ὑποβεβηκότες
1991 4351 2127 4418 καὶ
2189 4360 2302 4428 τῆς
2347 4354 2532 4434 ἀξίας
2577 4359 2687 4422 τοῦ
2734 4361 2880 4422 ναοῦ
2923 4371 3094 4435 λογι-

712 4455 971 4542 ζόμενοι.
1039 4454 1249 4545 Lege:
1296 4457 1381 4522 ἐκ
1429 4462 1538 4531 τῆς
1586 4457 1794 4535 ἀξίας.

3343 2 3362 435 l
