3436 5161
655 355 790 426 264
1513 371 1791 423 mnus
1834 371 2173 426 sosarnus.

651 545 829 608 uitur
891 561 1004 606 nec
1060 559 1208 605 sane
1259 537 1500 604 multos
1545 541 1614 603 in
1658 543 1875 604 nostra
1920 541 2125 624 patria
2170 561 2304 606 esse
2351 541 2624 608 arbitror
2639 589 2657 619 ,
2705 543 2817 628 qni
2858 541 2900 608 J
2904 563 3041 609 ose·

653 651 856 736 phum
915 666 1042 712 uno
1105 651 1319 712 tenore
1377 643 1576 710 semel
1635 647 2001 730 iterumque
2061 646 2492 734 perlegerunt.
2576 649 2750 714 Mihi
2812 655 3037 715 autem

653 762 991 840 antequam
1041 752 1120 818 ad
1165 770 1298 817 rem
1347 753 1601 818 veniam
1649 761 1714 816 et
1760 753 2049 836 experiar
2090 772 2246 817 num
2294 762 2621 840 corruptos
2666 755 2835 821 locos
2882 778 3037 823 non·

651 861 862 927 nullos
921 857 1254 925 emendare
1315 859 1550 942 possim
1569 905 1583 934 ,
1651 877 1773 922 non
1838 857 2119 924 alienum
2184 859 2440 925 videtur
2486 881 2825 947 exponere,
2876 883 2955 947 qu
2965 863 3034 928 id

651 971 729 1036 de
791 968 1169 1034 criminibus
1229 966 1499 1030 sentiam
1522 1011 1538 1041 ‚
1605 965 1839 1048 quibus
1880 962 2209 1050 {Josephus
2269 966 2455 1034 hodie
2518 974 2847 1048 oneratur,
2902 989 3031 1036 non

651 1084 724 1143 ut
771 1094 1102 1151 excusem,
1151 1070 1260 1138 sed
1307 1077 1380 1135 ut
1427 1072 1601 1135 viam
1649 1070 1814 1135 mihi
1860 1075 2139 1136 sternam
2190 1071 2269 1136 ad
2316 1071 2581 1157 reliqua.

739 1183 1034 1248 Primum
1090 1177 1256 1263 quod
1304 1178 1546 1241 crimen
1592 1175 1784 1263 longe
1807 1174 2290 1264 fgravissimum
2338 1184 2469 1258 est,
2516 1179 2866 1266 Josephum
2912 1203 3027 1267 pa-

649 1294 808 1358 triae
867 1286 1254 1374 proditorem
1309 1282 1506 1347 fuisse
1567 1283 1875 1348 contendo
1936 1282 2016 1348 ad
2078 1303 2347 1369 eamque
2392 1305 2528 1350 rem
2575 1286 3026 1352 ostendendam

645 1417 848 1481 neque
895 1399 1042 1458 utar
1086 1409 1291 1474 neque
1335 1390 1435 1452 uti
1483 1393 1701 1473 potero
1748 1390 1875 1452 nisi
1925 1391 2343 1466 testimoniis,
2396 1411 2557 1475 quae
2600 1395 2737 1477 ipse
2781 1395 3025 1480 impru-

646 1505 799 1569 dens
862 1499 1026 1564 dixit
1086 1498 1154 1560 in
1216 1516 1282 1560 se
1326 1497 1564 1579 ipsum.
1635 1493 1829 1559 Victo
1877 1493 2091 1560 Cestio
2140 1492 2329 1560 Gallo
2378 1494 2602 1584 Syriae
2649 1498 2863 1586 legato
2884 1547 2904 1583 ,
2950 1505 3028 1564 ut

643 1611 927 1696 legimus
985 1601 1150 1668 Bell.
1213 1598 1364 1665 Jud.
1428 1597 1491 1666 2.
1557 1599 1664 1664 20.
1728 1599 1802 1677 3,
1862 1599 2091 1666 Judaei
2138 1607 2485 1680 ςρατηγοὺς
2533 1602 2867 1679 ἀπέδειξαν
2912 1609 3021 1670 τοῦ

643 1716 916 1792 πολέμου
964 1709 1274 1780 πλείονας.
1347 1705 1536 1771 Urbis
1580 1707 1881 1792 praefecti
1926 1711 2105 1772 erant
2149 1706 2188 1773 J
2193 1709 2463 1793 osephus
2508 1707 2805 1776 Gor-ionis
2852 1709 3022 1777 filius

645 1829 710 1889 et
771 1825 1032 1886 Ananus
1096 1816 1301 1878 Anani
1322 1860 1338 1890 ‚
1385 1814 1497 1898 qui
1545 1814 1767 1898 paucis
1814 1814 1995 1877 annis
2042 1818 2189 1878 aute
2234 1835 2347 1899 per
2395 1820 2523 1880 tres
2570 1837 2818 1881 menses
2862 1837 3022 1901 pon-

609 1929 800 1994 'tifex
863 1924 1188 1988 maximus
1233 1919 1473 1983 fuerat:
1525 1918 1596 1982 hi
1640 1917 1801 1982 alios
1848 1917 1975 1983 alio
2021 1921 2336 1985 miserunt
2381 1929 2447 1987 et
2492 1921 2792 1988 Flavium
2840 1921 3021 1989 Jose-

643 2034 875 2120 phum,
939 2029 1052 2112 qui
1111 2022 1438 2093 Galilaeae
1496 2030 1829 2108 praeesset.
1918 2024 2149 2090 Adhuc
2209 2028 2300 2090 ibi
2363 2028 2614 2112 quietae
2660 2049 2759 2095 res
2806 2033 3019 2107 erant,

641 2139 751 2206 sed
795 2131 1182 2201 sollicitandi
1229 2135 1406 2195 erant
1449 2127 1692 2194 incolae
1738 2135 1814 2193 ut
1860 2129 1939 2193 ab
1984 2128 2293 2196 Romanis
2340 2132 2768 2200 desciscerent.
2842 2133 3022 2200 Jose-

641 2246 806 2332 phua
866 2259 1005 2305 eam
1069 2257 1204 2302 rem
1254 2235 1488 2320 ubique
1535 2229 1759 2299 studet
1796 2233 2071 2300 colorare
2090 2285 2109 2320 ,
2156 2237 2265 2301 sed
2312 2238 2467 2321 quid
2516 2259 2737 2305 revera
2782 2242 3019 2327 egerit,

640 2353 796 2418 satis
841 2344 1141 2432 pellucet.
1187 2340 1690 2428 Hierosolymis,
1740 2342 1833 2406 sic
1880 2342 2049 2406 enim
2098 2343 2321 2407 scribit
2366 2345 2433 2408 in
2479 2342 2636 2410 Vita
2682 2343 2806 2428 5¹7,
2850 2348 3023 2430 prin-

639 2461 812 2542 cipes
856 2451 981 2519 viri
1029 2447 1348 2525 πυθόμενοι
1397 2447 1506 2521 τὴν
1553 2447 1905 2511 Γαλιλαίαν
1950 2445 2113 2512 οὔπω
2156 2451 2373 2512 πᾶσαν
2414 2452 2726 2527 Ῥωμαίων
2772 2449 3023 2530 abspes-d-

640 2588 776 2655 ναι,
844 2558 1019 2639 μέρος
1086 2555 1136 2621 δ’
1195 2556 1388 2627 αὐτῆς
1453 2556 1694 2633 ἠρεμεῖν
1752 2552 1875 2637 ἔτι,
1929 2552 2274 2630 πέμπουσιν
2324 2555 2436 2633 ἐμὲ
2484 2557 2586 2621 καὶ
2638 2555 2739 2623 δύο
2786 2557 3017 2631 ἄλλους

636 2678 752 2736 τῶν
813 2666 1058 2747 ἑτέρων,
1125 2660 1353 2733 καλοὺς
1417 2660 1520 2725 καὶ
1584 2659 1860 2739 ἀγαθοὺς
1915 2659 2172 2746 ἄνδρας,
2229 2661 2549 2743 Ἰωάζαρον
2598 2664 2701 2729 καὶ
2752 2665 3013 2742 Ἰούδαν,

635 2776 965 2842 πείσοντας
1010 2770 1152 2841 τοὺς
1219 2768 1499 2847 πονηροὺς
1547 2765 1927 2832 καταθέσθαι
1976 2769 2060 2830 τοὶ
2108 2764 2279 2831 ὅπλα
2328 2768 2433 2832 καὶ
2484 2766 2880 2847 διδάξοντας,
2938 2771 3017 2843 ὦς

639 2882 763 2951 ἔςιν
815 2878 1060 2957 ἄμεινον
1099 2883 1225 2945 τοῖς
1275 2872 1580 2951 κρατίςοις
1633 2876 1741 2936 τοῦ
1789 2871 1982 2945 ἔθνους
2032 2874 2199 2937 αὐτοὶ
2250 2877 2577 2954 τηρεῖσθαι.
2622 2874 2904 2952 Ἔγνωςο
2953 2876 3017 2941 δὲ

634 2990 867 3058 τούτοις
915 2984 1010 3049 de)
1061 2982 1175 3059 μὲν
1223 2978 1391 3058 ἔχειν
1439 2978 1525 3044 τοὶ
1572 2974 1741 3042 ὅπλα
1787 2979 1930 3058 πρὸς
1977 2980 2046 3044 τὸ
2094 2980 2327 3055 μέλλον
2373 2978 2631 3058 ἕτοιμα,
2681 2982 3020 3059 περιμένειν

637 3094 700 3158 δὲ
749 3094 814 3157 τί
860 3088 1189 3169 πράξουσιν
1236 3086 1543 3162 Ῥωμαῖοι.
1617 3082 1913 3169 Speciosa
1956 3086 2151 3151 verba
2195 3094 2383 3163 sunt,
2428 3086 2537 3151 sed
2584 3086 2769 3151 facile
2814 3106 3019 3173 agno-

633 3201 874 3265 scimus
939 3196 1262 3259 hominem
1330 3190 1748 3256 defectionem
1807 3211 1990 3255 suam
2038 3191 2220 3276 'apud
2284 3190 2605 3257 Romanos
2667 3197 3019 3277 utcumque

627 3308 1058 3371 excusantem.
1107 3298 1246 3383 Ipse
1294 3303 1446 3361 tunc
1492 3303 1626 3362 erat
1671 3296 1751 3361 de
1796 3316 2012 3361 eorum
2046 3317 2310 3362 numero
2351 3300 2461 3381 qui
2502 3296 2744 3363 bellum
2782 3297 3015 3363 inferre

631 3409 938 3476 Romanis
998 3403 1334 3489 parabant,
1397 3402 1506 3466 sed
1572 3422 1648 3466 ne
1709 3401 1866 3485 quid
1927 3400 2197 3467 offendat
2262 3402 2667 3467 dominorum
2730 3405 3014 3482 animos,

628 3514 819 3580 modo
866 3511 1086 3578 scribit
1133 3530 1199 3574 se
1243 3509 1462 3593 populi
1510 3509 1873 3574 libertatem
1922 3511 2087 3573 tueri
2126 3508 2403 3575 voluisse
2442 3510 2743 3575 adversus
2788 3530 3013 3595 procu-

627 3623 855 3685 ratoris
916 3614 1318 3681 insolentiam
1341 3664 1358 3697 ‚
1425 3614 1613 3680 modo
1659 3634 1727 3679 se
1774 3612 2099 3680 Galilaeae
2145 3604 2331 3679 urbes
2376 3614 2679 3680 Romanis
2726 3622 3013 3682 servatu-

627 3747 771 3791 rum
819 3726 1045 3805 fuisse,
1099 3724 1152 3785 si
1196 3741 1308 3806 per
1352 3720 1616 3785 infestos
1665 3718 2001 3805 populares
2046 3718 2352 3785 licuisset.
2422 3718 2576 3786 Post
2622 3728 3013 3806 reportatam

627 3833 705 3897 de
767 3828 980 3897 Cestio
1039 3828 1375 3891 victoriam
1397 3872 1414 3903 ,
1479 3824 1673 3890 multi
1737 3825 2098 3890 futurorum
2146 3824 2465 3891 malorum
2512 3828 2805 3913 praesagi
2852 3827 3013 3893 urbe

627 3941 972 4003 cesserant:
1038 3931 1254 3997 πολλοὶ
1303 3938 1418 3996 τῶν
1468 3932 1783 4009 ἐπιφανῶν
1830 3931 2131 3996 Ἰουδαίων
2176 3928 2375 4009 ὥσπερ
2424 3934 2490 3996 ἐκ
2539 3932 3009 4013 βαπτιζομένης

625 4043 803 4118 νεώς,
853 4040 1237 4118 ἀπενήχοντο
1285 4045 1395 4111 τῆς
1445 4035 1720 4121 πόλεως,
1768 4042 1843 4101 ut
1888 4044 1983 4101 est
2032 4034 2193 4101 Bell.
2240 4035 2388 4102 Jud.
2439 4036 2502 4100 2.
2556 4036 2663 4101 20.
2714 4036 2790 4114 1,
2836 4059 3010 4103 sese-

625 4170 750 4234 que
796 4144 1192 4231 contulerant
1237 4145 1371 4209 sive
1409 4145 1478 4207 in
1517 4147 1723 4208 castra
1760 4142 2197 4207 Romanorum
2240 4144 2375 4207 sive
2414 4142 2492 4208 ad
2532 4164 2747 4229 regem
2776 4146 3012 4229 Agrip·

621 4273 810 4341 pam,
858 4255 964 4336 qui
1020 4251 1172 4314 urbe
1219 4249 1440 4333 pulsus
1485 4270 1755 4335 regnum
1806 4251 2177 4332 repet-ierat,
2226 4248 2287 4311 2.
2344 4248 2446 4313 17.
2489 4249 2546 4312 1.
2597 4249 2721 4328 Qui
2760 4270 3010 4315 reman-

622 4365 831 4425 serant
889 4354 1392 4442 Hierosolymis,
1457 4374 1590 4419 sese
1649 4375 1801 4419 cum
1848 4352 2280 4419 Romanorum
2334 4353 2624 4419 hostibus
2666 4359 3005 4439 conjunxe-

616 4472 796 4531 rant:
845 4464 898 4527 οἱ
947 4460 1265 4538 διώξαντες
1317 4462 1420 4526 τὸν
1469 4460 1677 4529 Κέςιον
1724 4462 1803 4531 ὦς
1850 4460 2209 4541 ὑπέςρεψαν
2252 4460 2336 4531 εἰς
2382 4462 2806 4539 Ἰεροσόλυμα,
2855 4462 3003 4535 τοὺς
