3436 5161
1432 303 1832 354 monor-us.
2697 289 2823 358 137

436 471 604 536 enim
643 489 723 535 ex
760 471 899 554 ipso
938 490 1061 535 usu
1090 457 1279 535 ⁹verbi
1314 469 1873 546 συγκαταθάπτων
1911 472 2042 536 iam
2083 477 2342 557 apparet
2380 495 2498 536 non
2536 481 2824 538 crematas

433 574 630 640 fuisse
674 574 973 642 Melissae
1014 581 1223 642 vestes
1242 623 1258 655 ‚
1301 579 1517 662 itaque
1563 576 1792 643 falsam
1839 598 1974 643 esse
2021 581 2452 644 coniecturam
2493 603 2819 657 συγκατα-

437 679 774 746 καυθέντων
844 685 909 746 et
979 703 1195 748 veram
1266 682 1556 748 codicum
1604 685 1985 768 scripturam
2034 686 2098 749 οὗ
2149 685 2680 751 κατακαυθέντων.
2750 685 2823 752 Si

368 796 375 802 ’
434 788 639 876 igitur
702 793 909 854 vestes
968 784 1337 854 combustae
1398 788 1549 854 non*
1588 792 1848 854 fuerunt
1867 836 1884 867 ‚
1947 789 2273 875 probabile
2319 796 2414 856 est
2458 798 2824 878 pervetusto

434 914 643 972 more,
710 894 789 960 de
851 914 975 979 quo
1039 893 1406 970 consulatur
1467 893 1567 960 W.
1632 893 1878 983 Helbig
1940 896 2008 960 in
2077 894 2395 980 praeclaro
2441 916 2627 982 opere
2677 899 2828 976 „dae

437 1001 821 1067 Homeri-sobe
880 1023 1013 1084 epos
1072 1023 1183 1064 aus
1242 1003 1357 1065 den
1420 1001 1825 1066 Denkmdlern
1888 1003 2209 1067 erlaic'tert”
2269 1025 2333 1088 p.
2396 1002 2482 1068 89
2531 1025 2663 1089 sqq.
2681 1051 2700 1083 ,
2747 1025 2826 1070 ne

435 1105 737 1174 Melissae
774 1107 1033 1194 quidem
1074 1127 1301 1192 corpus
1340 1113 1813 1173 concrematum
1851 1107 2047 1174 fuisse
2083 1108 2193 1174 sed
2233 1109 2485 1198 integro
2523 1110 2826 1179 cadavere

434 1215 800 1280 humatum.
872 1213 980 1279 Sic
1040 1213 1227 1279 facile
1284 1212 1674 1301 intelligitur
1720 1215 1898 1299 queri
1945 1213 2237 1280 Melissae
2284 1217 2581 1281 umbram
2599 1265 2617 1301 ,
2667 1236 2828 1302 quae

436 1323 659 1388 statim
706 1321 1038 1386 defunctae
1085 1340 1311 1406 corpus
1358 1319 1720 1406 reliquisset
1740 1370 1757 1405 ,
1807 1319 2062 1386 nullum
2114 1322 2239 1387 sibi
2285 1343 2475 1388 usum
2517 1343 2652 1388 esse
2687 1343 2827 1388 ves·
2849 1393 2864 1409 Ι

435 1431 885 1506 timentorum‚
935 1429 1170 1512 quippe
1217 1447 1378 1512 quae
1425 1449 1571 1492 cum
1620 1447 1875 1512 corpore
1923 1447 2038 1493 suo
2085 1427 2272 1493 humi
2318 1431 2571 1494 condita
2614 1431 2681 1493 in
2726 1450 2826 1494 se·
2940 1435 2942 1438 ’

433 1534 653 1622 pulcro
700 1539 1063 1610 manerent,
1111 1553 1227 1598 nec
1274 1535 1606 1598 combusta
1643 1536 1929 1599 animam
1971 1555 2155 1599 suam
2199 1535 2266 1599 in
2307 1534 2538 1600 inferos
2576 1535 2827 1600 descen-

435 1642 690 1707 dentem
748 1641 1041 1706 comitari
1099 1660 1223 1704 non
1272 1641 1645 1724 potuissent.
1694 1640 1866 1706 Fieri
1915 1645 2122 1724 potest
2170 1646 2246 1706 ut
2293 1646 2550 1707 vetusta
2593 1641 2827 1707 fabella

434 1747 725 1812 ostendat
769 1747 952 1811 nobis
991 1733 1633 1833 argumentationem
1653 1766 1874 1811 eorum
1915 1747 2027 1830 qui
2066 1748 2586 1831 antiquissimum
2630 1747 2821 1813 illum

436 1859 500 1919 et
544 1856 846 1919 rariorem
895 1852 1255 1940 sepeliendi,
1287 1873 1531 1918 morem
1580 1854 2050 1936 improbarent·
2091 1851 2256 1917 Utut
2303 1859 2432 1939 est,
2475 1854 2827 1920 combustis

392 1968 408 2020 .'
434 1959 658 2024 deinde
720 1962 900 2024 iussu
954 1958 1283 2024 Periandri
1349 1959 1785 2023 matronarum
1848 1956 2324 2024 Corinthiarum
2387 1979 2544 2043 quas
2605 1963 2667 2025 ei
2713 1960 2824 2025 de-

434 2071 713 2130 traxerat
758 2065 1043 2132 vestibus
1090 2083 1215 2130 non
1260 2063 1432 2130 nuda
1476 2066 1712 2130 mansit
1733 2110 1750 2141 ,
1793 2068 1867 2130 ut
1903 2063 2158 2130 Nabero
2196 2063 2452 2132 videtur
2470 2113 2490 2148 ,
2529 2063 2828 2131 Melissae

432 2172 694 2250 umbra,
761 2170 872 2236 sed
933 2171 1131 2236 etiam
1192 2170 1457 2236 calidior
1519 2171 1689 2235 facta
1755 2175 1850 2236 est
1907 2176 1971 2236 et
2017 2172 2294 2236 ornatior
2340 2191 2533 2255 quam
2583 2192 2650 2236 se
2695 2171 2828 2236 fore
2884 2207 2890 2211 -

433 2282 823 2363 speraverat,
878 2275 1234 2362 meliusque
1282 2278 1373 2342 sic
1420 2278 1556 2342 eius
1604 2277 1701 2341 ira
1745 2274 1984 2361 placari
2023 2279 2236 2363 potuit
2275 2297 2468 2362 quam
2508 2277 2828 2342 condendis

432 2383 635 2446 avr-eis
694 2383 1050 2447 ornamentis
1108 2387 1174 2445 in
1215 2383 1403 2467 fossa
1422 2430 1439 2460 ,
1506 2387 1579 2446 ut
1639 2380 1954 2464 Naberus]
1991 2381 2234 2447 adscita
2296 2402 2412 2447 sua
2470 2385 2832 2448 coniectura

431 2489 764 2563 κατεκλῆιε
802 2491 1128 2573 sequentia
1174 2490 1643 2572 interpretatur.
1707 2486 2043 2553 Praeterea
2090 2486 2318 2563 κόσμον
2368 2487 2472 2552 τὸν
2522 2487 2820 2557 κάλως-ον

430 2617 558 2661 non
602 2618 787 2661 aurea
834 2584 1174 2660 ornamenta
1222 2594 1331 2660 sed
1370 2594 1807 2677 pulcherrimas
1853 2601 2036 2659 vestes
2080 2592 2438 2680 significare
2477 2595 2816 2662 manifesto

439 2702 622 2769 docet
675 2722 1117 2790 praegressum
1162 2704 1430 2768 verbum
1479 2698 1882 2778 ἀπέδυσε,
1931 2705 2007 2766 ut
2051 2704 2297 2765 taceam
2346 2721 2418 2766 eo
2465 2721 2652 2766 sensu
2699 2721 2824 2786 quo

435 2807 499 2875 N
502 2808 727 2874 aberus
771 2808 982 2875 voluit
1029 2811 1240 2894 aptius
1286 2828 1421 2873 esse
1468 2804 1860 2883 κατέκρυπτε
1910 2823 2103 2891 quam
2143 2807 2512 2891 κατεκλῆιε,
2553 2827 2702 2873 nam
2751 2810 2820 2873 in

435 2915 601 2980 fossa
660 2914 903 3000 aliquid
962 2913 1482 2994 κατακρύπτομὲν
1504 2960 1520 2992 ,
1567 2914 1634 2977 in
1682 2933 1826 2978 arca
1873 2913 2331 2995 κατακλῄομεν.
2395 2911 2678 2979 Tandem
2724 2932 2823 2978 ar-

433 3022 651 3108 gutari
714 3020 879 3084 mihi
942 3020 1198 3086 videtur
1266 3021 1362 3086 vir
1425 3020 1794 3107 ingeniosus
1857 3019 2133 3083 scribens
2153 3065 2170 3096 ‚
2223 3024 2431 3085 vestes
2476 3020 2544 3083 in
2591 3018 2824 3085 fossam

435 3124 698 3192 collatas
760 3147 839 3191 ne
902 3128 1169 3191 cremari
1233 3125 1493 3211 quidem
1541 3144 1757 3211 posse,
1808 3125 1964 3190 dum
2008 3124 2228 3189 fumus
2273 3125 2489 3195 omnia
2532 3124 2826 3189 obtineat

436 3237 500 3297 et
564 3254 670 3297 aer
729 3230 1209 3297 intercludatur.
1283 3231 1491 3311 Quod
1527 3233 1621 3296 ita
1664 3252 1892 3298 verum
1937 3229 2102 3297 foret
2125 3278 2141 3309 ‚
2191 3233 2246 3295 si
2294 3236 2439 3296 ante
2487 3232 2824 3296 crematio-

434 3359 585 3404 nem
654 3338 826 3403 fossa
894 3358 1161 3425 superne
1230 3337 1445 3403 clausa
1505 3337 1767 3421 fuisset,
1831 3337 1944 3401 sed
2003 3339 2073 3400 in
2139 3338 2384 3424 patenti
2449 3336 2614 3401 fossa
2679 3339 2838 3403 satis

434 3442 620 3532 larga
680 3449 744 3509 et
802 3462 929 3508 non
988 3444 1185 3507 nimis
1251 3440 1595 3528 profunda,
1661 3444 2034 3527 praesertim
2098 3440 2314 3507 addita
2373 3442 2640 3508 materie
2687 3445 2824 3509 vim

435 3549 733 3615 flammae
779 3548 1011 3625 alenti,
1063 3554 1279 3614 contra
1325 3569 1459 3613 esse
1499 3552 1780 3633 apparet.
1843 3585 1905 3594 —
1965 3546 2331 3632 Disputatio
2371 3548 2448 3613 de
2489 3549 2826 3614 cremando

436 3654 588 3720 facit
652 3660 725 3719 ut
784 3656 1190 3719 meminerim
1248 3652 1375 3721 loci
1438 3653 1471 3719 Ι
1524 3652 1653 3719 164
1704 3655 1815 3719 ubi
1863 3655 1928 3717 in
1980 3674 2216 3718 comm.
2260 3650 2419 3719 Orit.
2467 3675 2530 3739 p.
2579 3652 2662 3719 21
2715 3654 2825 3721 de-

435 3764 787 3827 monstravi
859 3770 1229 3846 corruptum
1303 3780 1437 3825 esse
1506 3760 1774 3826 verbum
1849 3766 2217 3837 κατιρῶσαι,
2289 3759 2406 3823 sub
2479 3779 2603 3843 quo
2662 3780 2832 3824 nuno

433 3867 724 3934 Naberus
785 3864 917 3932 Mn.
983 3862 1142 3931 XIII
1188 3887 1252 3952 p.
1305 3866 1386 3930 61
1438 3866 1595 3931 dicit
1655 3864 1866 3930 solum
1928 3862 2128 3930 latere
2173 3884 2354 3949 posse
2400 3864 2828 3944 καταπρῆσαιζ

434 3974 529 4041 De
590 3974 812 4040 eodem
866 3974 1060 4041 verbo
1109 3978 1173 4038 et
1222 3993 1343 4060 ego
1393 3973 1826 4059 cogitaveram
1896 3970 2005 4036 sed
2063 3972 2284 4036 statim
2333 3969 2534 4035 abieci
2581 3968 2834 4034 intelle-

434 4102 628 4168 gens,
692 4083 747 4145 si
812 4084 876 4144 in
938 4080 1095 4145 urbe
1158 4078 1373 4163 aliqua
1430 4101 1611 4142 unum
1665 4074 2028 4143 aedificium
2079 4075 2211 4141 solo
2259 4075 2658 4161 aequandum
2707 4076 2829 4154 sit,

438 4186 713 4254 stultum
778 4208 911 4253 esse
974 4207 1047 4251 ea
1112 4186 1209 4250 uti
1279 4184 1567 4249 diruendi
1629 4186 1907 4262 ratione,
1958 4203 2082 4268 qua
2126 4182 2485 4268 periculum
2530 4187 2826 4249 nascatur

440 4296 664 4360 ceteris
712 4293 973 4358 aedibus
1018 4313 1098 4357 ne
1145 4290 1342 4356 simul
1388 4294 1664 4376 pereant.
1729 4287 1962 4378 Cogita
2005 4289 2204 4356 velim
2249 4288 2563 4355 Herodoti
2609 4309 2828 4354 narra-

442 4402 679 4465 tionem
733 4399 810 4464 de
856 4396 1155 4463 Sardium
1207 4396 1515 4467 incendio.
1578 4395 1780 4461 Aliud
1819 4398 2026 4483 igitur
2062 4393 2260 4461 latere
2294 4402 2538 4461 certum
2581 4401 2696 4461 est.
2745 4430 2818 4444 -
