3436 5161
596 365 684 436 68
1589 383 1993 434 naonorus.

594 549 728 616 illis
775 549 1130 616 ululatibus
1175 553 1240 615 et
1286 551 1341 614 si
1389 549 1542 634 quid
1581 549 1710 615 tale
1748 549 2113 615 Herodotus
2150 549 2355 614 obiter
2394 547 2702 614 voluisset
2741 567 2980 615 memo·

593 658 726 722 riae
782 657 1041 742 prodere
1064 704 1080 735 ,
1157 658 1512 742 scripsisset
1575 655 1787 721 multo
1852 657 2167 742 apertius,
2232 656 2421 718 sicuti
2486 673 2676 740 supra
2746 655 2896 720 fecit
2954 654 2982 719 I

590 760 724 828 202
747 813 763 841 ,
829 764 940 828 ubi
1002 769 1216 828 narrat
1274 761 1588 848 quomodo
1649 761 2051 849 Massagetae
2101 782 2177 826 ex
2226 761 2737 825 suffimentorum
2788 781 2975 846 quem

589 870 918 934 imbibunt
962 869 1179 948 odore,
1229 869 1310 934 ad
1355 870 1596 934 rabiem
1642 889 1848 954 usque
1894 870 2271 934 excitentur.
2336 867 2680 934 Perscribit
2717 866 2977 934 Valcke-

590 976 844 1040 naerius
889 973 1128 1040 multas
1175 974 1446 1058 aliorum
1499 976 1891 1061 conjecturas
1937 973 2221 1055 οέρύονται
2246 1024 2261 1051 ,
2306 981 2669 1057 πυριῶνται,
2712 975 2981 1068 ὅριγνῶν-

591 1104 736 1162 ται,
798 1081 920 1167 ipsi
981 1081 1315 1163 ρ’ύπτοντοιι
1377 1080 1606 1167 placet.
1695 1079 1879 1147 Nihil
1936 1081 2167 1147 horum
2234 1079 2477 1146 Steinio
2538 1079 2809 1168 dignum
2857 1081 2985 1146 fuit

589 1189 802 1254 visum
851 1188 1021 1275 quod
1061 1194 1671 1254 commemoraretur
1706 1193 1772 1253 et
1813 1195 2037 1273 putare
2074 1185 2330 1253 videtur
2368 1189 2653 1266 ὠρύονται
2693 1189 2785 1252 sic
2824 1189 2981 1252 satis

593 1295 752 1360 bene
798 1294 1103 1380 explicari
1151 1309 1351 1382 posse.
1423 1293 1614 1360 Haud
1665 1293 1837 1360 male
1881 1293 1958 1360 atl
2004 1293 2129 1360 loci
2167 1295 2547 1359 sententiam
2590 1291 2979 1358 Valckenae-

589 1402 726 1466 rius
773 1400 1100 1482 ρύπτονται
1151 1403 1441 1487 scripsit,
1490 1402 1746 1467 etiamsi
1787 1402 1866 1468 ab
1905 1402 2241 1487 participio
2280 1398 2589 1477 ἀγάμενοι
2612 1445 2627 1476 ,
2668 1401 2984 1485 sapienter

592 1506 892 1591 fortasse,
944 1528 1172 1574 manus
1223 1507 1624 1572 abstinuerit.
1697 1506 1869 1572 Fieri
1916 1510 2127 1594 potest
2170 1512 2245 1570 ut
2294 1510 2423 1571 tam
2474 1503 2727 1570 illust-re
2763 1525 2981 1569 exem-

591 1612 774 1698 plum
833 1616 1013 1698 sequi
1079 1613 1370 1679 deberem
1435 1614 1627 1699 idque
1687 1633 2014 1697 sequerer,
2077 1615 2198 1677 nisi
2264 1613 2417 1678 satis
2476 1611 2638 1677 lenis
2705 1612 2981 1676 mutatio

593 1739 730 1785 sese
789 1720 954 1785 mihi
1013 1719 1368 1786 obtulisset.
1455 1720 1622 1801 Quid
1683 1722 1738 1785 si
1787 1718 2149 1785 Herodotus
2196 1720 2475 1804 scripsit:
2531 1719 2581 1784 οί
2634 1717 2697 1783 δὲ
2746 1719 2980 1782 Σκύθαι

596 1822 1100 1904 διαινόμενοι
1164 1835 1242 1908 τῇ
1317 1826 1496 1908 πυρίῃ
1548 1827 1937 1908 χρίονται
1984 1825 2089 1892 καὶ
2142 1824 2323 1890 τοῦτό
2370 1830 2488 1905 σφι
2540 1823 2676 1889 ἀντὶ
2726 1827 2976 1904 λουτροῦ

597 1932 710 2001 ε’ςι.
782 1931 1030 2018 Nempe
1075 1935 1354 2014 χρίονται
1402 1952 1525 1998 non
1574 1933 1989 2014 ἀλείφονται,
2034 1953 2183 1998 nam
2233 1930 2607 2012 ἀλείφεσθαι
2652 1932 2979 2017 proprium

597 2044 694 2103 est
738 2037 1244 2125 voluptariorum
1294 2045 1358 2104 et
1401 2039 1696 2105 mollium
1722 2085 1738 2115 ,
1788 2040 2071 2120 χρίεσθαι
2120 2043 2333 2103 autem
2386 2039 2579 2103 etiam
2622 2038 2848 2102 sobriis
2888 2038 2984 2100 in-

593 2144 847 2210 terdum
900 2147 1223 2225 convenit,
1265 2165 1424 2230 quae
1465 2151 1560 2211 est
1599 2145 1828 2233 Magni
1870 2145 2242 2211 Adversoris
2280 2145 2637 2210 observatio
2674 2143 2755 2208 ad
2782 2141 2983 2208 Athe-

593 2272 824 2317 naeum
868 2273 927 2338 p.
981 2249 1148 2329 976,
1199 2252 1308 2338 qui
1347 2250 1748 2318 Clementem
1790 2254 2077 2336 sequitur
2116 2250 2477 2340 Paedagog.
2520 2272 2582 2338 p.
2610 2250 2735 2315 211
2770 2249 2973 2316 Pott.:

592 2356 867 2439 διαφέρει
932 2357 994 2422 δὲ
1047 2356 1198 2430 ὅλως
1245 2358 1313 2423 τὸ
1364 2365 1773 2440 μυραλοιφεῒν
1820 2361 1927 2424 τοῦ
1986 2356 2153 2438 μύρῳ
2200 2357 2520 2437 χρίεσθαι·
2573 2357 2644 2422 τὸ
2692 2356 2805 2435 μὲν
2854 2355 2979 2436 γὰρ

593 2463 1012 2544 θηλυδριῶδες,
1062 2465 1131 2530 τὸ
1181 2463 1240 2528 δὲ
1289 2464 1572 2544 χρίεσθαι
1623 2466 1705 2545 τῷ
1755 2464 1920 2546 μύρῳ
1971 2463 2073 2531 καὶ
2126 2471 2447 2528 λυσιτελεῖ
2490 2461 2610 2527 ἔσθ’
2646 2458 2769 2527 ὅτε.
2820 2471 2980 2526 Καν-

595 2569 957 2649 ναβισθῆναι
1018 2568 1371 2659 appellant,
1427 2571 1595 2657 quod
1643 2569 1923 2659 Scythae
1970 2571 2246 2637 faciunt:
2296 2570 2565 2637 verbum
2614 2567 2979 2657 Hesychius

591 2680 1079 2763 interpretatur:
1143 2677 1287 2758 πρὸς·
1349 2678 1459 2751 τήν
1509 2677 1808 2756 κάνναβιν
1862 2677 2172 2757 ἕξιδρῶσαι
2222 2680 2325 2741 καὶ
2376 2677 2815 2756 πυριασθῆναι.
2864 2694 2979 2740 nee

594 2784 940 2870 quidquam
993 2785 1204 2861 addit,
1255 2787 1352 2849 uti
1401 2785 1608 2861 vides,
1661 2785 1738 2850 de
1785 2783 2139 2849 ululatibus
2180 2803 2336 2869 quos
2376 2782 2631 2848 tollunt.
2672 2782 2788 2847 Est
2826 2802 2979 2867 quo·

593 2910 716 2975 que
770 2911 992 2978 operae
1049 2894 1328 2976 pretium
1392 2890 1620 2955 addere
1677 2890 1845 2975 quod
1906 2888 2133 2955 Strabo
2194 2888 2284 2955 111
2343 2911 2405 2976 p.
2462 2887 2590 2953 154
2650 2888 2843 2954 habet
2904 2886 2981 2951 de

591 2995 956 3078 Lusitanis,
1004 2999 1113 3083 qui
1164 3002 1532 3069 Λακωνικῶς
1583 2995 1905 3076 διάγουσι,
1953 2997 2362 3074 οὶλειπτηρίοις
2406 2996 2705 3077 χρώμενοι
2744 2994 2833 3067 δὶς
2874 2994 2979 3059 καὶ

594 3106 842 3187 πυρίαις
891 3106 957 3170 ἐκ
1006 3104 1183 3169 λίθων
1234 3103 1540 3184 διαπύρων
1592 3103 1696 3168 καὶ
1746 3108 2332 3186 ψυχρολουτοῦντες.

683 3212 875 3277 Lenis
937 3211 1206 3296 denique
1269 3213 1546 3276 mutatio
1601 3215 1696 3277 est
1757 3230 1869 3297 pro
1933 3211 2221 3292 ὠρύονται
2283 3210 2623 3275 rescribere
2675 3208 2978 3289 χρίονται.

593 3317 704 3385 Sic
765 3319 989 3384 Mnem.
1051 3317 1223 3383 XIX
1273 3316 1357 3387 37
1408 3315 1573 3403 apud
1621 3318 1980 3382 Lucianum
2032 3316 2108 3382 de
2154 3315 2352 3382 Merc.
2404 3315 2583 3381 cond.
2630 3336 2681 3379 c.
2732 3312 2819 3379 27
2866 3331 2979 3399 pro

593 3422 734 3491 οὔτε
777 3424 820 3507 ᾧ
842 3424 916 3489 ὸν
965 3422 1133 3503 ἔχεις
1180 3422 1356 3501 μόνος
1397 3426 1747 3490 necessaria
1786 3425 1883 3487 uti
1923 3424 2193 3488 arbitror
2232 3424 2613 3495 correctione
2652 3420 2972 3505 rescripsi:

593 3531 734 3598 οὔτε
779 3555 868 3613 χι
892 3530 986 3596 όν’
1036 3528 1203 3611 ἔχεις
1243 3528 1440 3608 μόνος.
1495 3526 1793 3597 Ceterum
1836 3528 2107 3595 libenter
2140 3549 2284 3594 mea
2322 3529 2484 3594 facio
2531 3525 2981 3593 Valckenaerii

592 3636 813 3705 verba:
877 3636 1143 3719 Quando
1200 3658 1355 3704 vera
1420 3635 1522 3702 vel
1583 3637 1925 3702 adinventa
1985 3634 2091 3703 vel
2139 3634 2473 3702 adfirmata
2516 3635 2708 3700 fuerit
2752 3632 2979 3711 lectio,

593 3764 740 3811 mea
789 3764 936 3811 cum
982 3743 1248 3830 reliquis
1297 3743 1562 3811 refutari
1606 3744 1840 3830 poterit
1890 3744 2266 3829 conjectura.

685 3958 802 4026 IV.
864 3959 952 4026 94
1012 3961 1286 4025 mittunt
1335 3957 1608 4025 Thraces
1653 3958 1981 4024 hominem
2032 3957 2141 4041 qui
2190 3976 2259 4021 se
2305 3954 2561 4022 devovit
2606 3976 2753 4020 cum
2802 3974 2979 4019 man·

593 4067 761 4133 datis
816 4067 895 4134 ad
957 4065 1327 4133 Zalmoxin:
1393 4065 1784 4131 ἐντέλλονται
1849 4063 1899 4127 δ’
1964 4061 2051 4127 ἔτι
2106 4062 2332 4145 ζώοντι.
2406 4060 2541 4127 Aut
2586 4060 2740 4127 haec
2792 4062 2981 4126 verba

593 4176 808 4259 spuria
865 4178 1013 4239 sunt
1073 4178 1185 4238 aut
1241 4172 1457 4237 nullae
1521 4173 1688 4259 apud
1750 4170 2151 4236 Herodotum
2218 4168 2734 4254 interpolationes
2794 4168 2981 4254 argui

595 4286 876 4366 possunt.
951 4278 1183 4344 Itidem
1253 4277 1770 4364 interpolationes
1832 4276 2049 4343 notavi
2115 4277 2403 4360 sequenti
2464 4276 2699 4360 capite:
2765 4274 2831 4338 οὗ
2894 4274 2979 4352 τῷ

599 4384 986 4468 ἄσθενεςοέτῳ
1034 4392 1262 4469 σοφιςῇ
1315 4384 1694 4473 [Πυθαγόρῃ]
1746 4388 1811 4450 et
1853 4384 1907 4449 οἱ
1957 4382 2019 4448 δέ
2060 4378 2167 4461 μιν
2207 4379 2481 4467 [ἐπόθεόν
2516 4406 2586 4447 τε
2627 4380 2765 4467 καὶ]
2808 4378 2981 4445 ἐπέν-

601 4494 725 4563 θεον
770 4497 846 4569 ὥς
893 4496 1214 4560 τεθνεῶτα.
