3436 5161
1319 370 1642 422 iromus.
2542 349 2677 418 42⁷

372 535 408 600 δ
459 534 634 602 683:
724 533 942 617 εέργων
1004 534 1405 613 παύσασθαι,
1475 535 1656 618 σφίσι
1722 533 1779 600 δ’
1836 535 2046 610 αὐτοῖς
2111 534 2301 600 δαῖτα
2360 534 2673 602 πένεσθαι.

815 641 982 712 Oum
1031 645 1237 717 αὐτοῖς
1285 665 1400 730 pro
1449 645 1688 710 αὐτοῖσι
1735 641 1957 730 procul
2002 642 2197 708 dubio
2238 663 2365 710 non
2412 643 2499 708 sit
2543 641 2679 710 Ho-

813 753 1126 818 mericum
1141 799 1159 830 ‚
1202 751 1649 840 corrigendum
1690 771 1825 817 esse
1857 749 2115 818 videtur
2138 751 2375 820 αὐτοῖσι
2400 748 2464 816 δὲ
2487 749 2680 816 δαῖτα

817 857 1124 924 πένεσθαι.

374 961 420 1044 ζ
469 961 634 1028 155:
724 961 912 1041 μάλα
968 965 1086 1032 πού
1135 969 1314 1046 σφισι
1363 963 1548 1043 θυμὸς
1595 963 1665 1030 in
1712 984 1933 1032 versus
1978 961 2123 1030 fine.
2170 961 2445 1052 (Ecquid
2492 961 2680 1044 μάλα

817 1072 968 1153 σΦίν
1016 1072 1148 1138 ποθι
1168 1069 1244 1156 Y).

373 1175 414 1254 ξ
463 1175 630 1242 272:
720 1178 938 1259 σφίσιν
984 1177 1351 1261 ἐργάζεσθαι
1401 1176 1670 1260 ἀνάγκη.
1745 1176 1987 1253 Quidni
2043 1182 2195 1259 σφιν
2238 1175 2681 1258 νεργόζεσθαιῖ

375 1305 413 1346 v
463 1281 636 1349 213:
722 1285 840 1358 τὰς
904 1285 956 1351 δ’
1007 1283 1190 1350 ἄλλοι
1253 1309 1337 1364 με
1399 1285 1680 1350 κέλονται
1744 1282 2111 1364 ὦγινέμεναι
2174 1284 2389 1366 σφίσιν
2448 1284 2679 1357 αὐτοῖς.

813 1391 940 1458 Hic
1002 1413 1222 1460 versus
1285 1391 1508 1458 eodem
1573 1393 1733 1458 vitio
1795 1391 2040 1458 laborat
2097 1412 2222 1478 quo
2266 1389 2445 1458 locus
2490 1391 2683 1460 modo

815 1505 1356 1565 commemoratus
1402 1498 1436 1563 δ
1482 1495 1636 1564 683.

372 1603 608 1690 Itaque
652 1607 930 1691 suspecti
977 1610 1124 1670 sunt
1175 1626 1398 1672 versus
1445 1609 1584 1670 octo
1607 1651 1623 1682 ,
1673 1609 1739 1670 et
1782 1607 1851 1670 in
1898 1604 2000 1670 his
2046 1609 2179 1670 tres
2213 1603 2550 1687 manifesto
2588 1605 2683 1672 vi-

278 1712 435 1777 tiosi
485 1716 661 1776 sunt.

374 1817 656 1883 Summa
701 1837 1137 1883 summarum:

279 1923 356 1989 In
405 1926 640 1989 tertiae
687 1943 985 2009 personae
1035 1923 1250 1989 dativo
1297 1925 1554 1990 numeri
1599 1922 1868 2010 pluralis
1913 1921 2155 2011 legitur

377 2031 590 2112 σφ(ιν)
636 2029 797 2095 locis
841 2030 920 2096 ad
967 2032 1318 2095 minimum
1370 2029 1525 2108 1653

375 2137 651 2221 σφισι(ν)
695 2142 842 2202 ante
889 2137 1196 2202 diaeresin
1245 2138 1599 2204 bucolicam
1649 2133 1809 2202 locis
1848 2137 1972 2216 41,
2017 2136 2217 2204 semel
2254 2138 2413 2224 pede
2436 2139 2679 2224 prim03

377 2243 652 2330 σφισι(ν)
714 2243 843 2310 alia
900 2262 1122 2310 versus
1166 2243 1313 2308 sede
1359 2241 1518 2311 locis
1563 2247 1702 2308 octo
1723 2291 1743 2328 ‚
1790 2242 1900 2308 sed
1947 2264 2259 2330 nusquam
2306 2249 2383 2310 ut
2425 2243 2683 2312 videtur

281 2353 426 2418 sine
472 2350 654 2416 vitio.

383 2563 528 2632 Iam
589 2562 924 2629 redeamus
969 2562 1048 2628 ad
1095 2560 1399 2629 tredecim
1447 2571 1690 2631 versus'
1714 2563 1947 2651 quibus
1994 2565 2173 2641 ἧμῒν,
2224 2565 2289 2629 et
2336 2561 2493 2629 duos
2539 2561 2679 2648 qui·

289 2676 414 2739 bus
481 2670 623 2749 ὑμῖν
669 2670 946 2757 legitur,
1011 2689 1200 2755 supra
1246 2690 1390 2757 pag.
1445 2668 1578 2735 424
1617 2692 1708 2756 sq.
1756 2674 2304 2737 commemoratos.
2373 2668 2683 2737 Videmus

285 2780 440 2846 illas
501 2778 741 2843 formas
787 2775 1154 2861 spondaicas
1202 2796 1527 2842 occurrere
1572 2776 1733 2862 pede
1778 2778 1987 2862 primo
2033 2781 2147 2842 aut
2190 2782 2445 2861 quart03
2492 2796 2679 2842 accu-

287 2888 498 2953 ratius
543 2884 713 2950 locos
751 2881 1231 2968 inspicientibus
1269 2888 1591 2967 praeterea
1633 2889 1927 2970 apparet,
1968 2888 2325 2949 constanter
2358 2880 2679 2969 syllabam

288 3017 371 3057 -ιν
439 2993 509 3055 in
573 2988 728 3053 thesi
789 3008 924 3054 esse
983 2986 1356 3053 collocatam
1379 3036 1395 3067 ,
1457 2988 1606 3055 licet
1667 2988 1955 3076 syllabae
2006 2990 2228 3055 breves
2271 3008 2398 3053 non
2440 2990 2567 3053 nisi
2609 2988 2679 3053 in

287 3098 424 3163 arsi
486 3097 566 3162 ab
625 3094 906 3161 Homero
965 3094 1228 3179 produci
1289 3095 1546 3161 soleant.
1622 3095 2017 3182 Quapropter
2075 3115 2201 3160 non
2252 3114 2509 3179 possum
2553 3114 2681 3160 non

289 3204 640 3291 suspicari,
702 3201 858 3267 olim
915 3202 1276 3286 quindecim
1339 3202 1513 3267 hisce
1571 3200 1729 3268 locis
1784 3199 1982 3269 lectas
2042 3202 2237 3267 fuisse
2293 3201 2521 3266 formas
2566 3202 2679 3267 tri-

289 3308 614 3398 syllabas,
663 3328 824 3393 quae
870 3306 1202 3394 dactylum
1241 3306 1582 3385 efficerent,
1626 3306 1907 3386 ἄμμῖσῖν
1930 3312 1995 3375 et
2019 3306 2311 3386 ὗμμῖσϊν.
2360 3305 2506 3374 Scio
2536 3323 2680 3430 pro-

283 3418 460 3482 fecto
478 3464 496 3499 ,
560 3434 752 3500 quam
808 3412 1234 3498 periculosum
1282 3416 1366 3479 sit
1413 3433 1608 3480 novas
1653 3414 1893 3481 formas
1938 3415 2373 3492 comminisci,
2410 3414 2491 3479 in

286 3524 412 3588 bus
477 3524 650 3587 enim
709 3520 889 3586 decet
931 3539 1281 3586 memorem
1331 3540 1464 3585 esse
1511 3521 1666 3585 dicti
1713 3519 2071 3586 Pindarici.
2122 3519 2308 3600 νεαρα
2358 3518 2559 3601 ἐξευρό
2592 3544 2677 3584 τα

289 3627 476 3705 δόμεν
534 3624 797 3709 βασάνῳ
859 3626 920 3698 ἐς
985 3624 1257 3709 ἔλεγχον
1285 3678 1299 3701 ,
1365 3624 1538 3699 arae
1601 3625 1886 3700 κίνδυνος.
1964 3626 2191 3712 Itaque
2252 3629 2676 3712 suspicionem

287 3755 508 3802 meam
527 3783 544 3818 ,
607 3734 686 3799 ad
747 3754 939 3820 quam
1001 3739 1207 3799 metro
1268 3734 1428 3800 duce
1492 3736 1782 3819 perveni,
1847 3733 2102 3800 silentio
2161 3752 2516 3820 premerem
2540 3780 2556 3811 ,
2619 3734 2676 3798 si

287 3843 530 3909 formas
588 3840 735 3907 illas
793 3839 1062 3918 ἄμμισιν
1124 3846 1189 3906 et
1251 3838 1511 3918 ὔμμισιν
1571 3860 1697 3905 non
1757 3840 1884 3906 nisi
1929 3843 2360 3928 argumentis,
2408 3860 2486 3905 ex
2535 3860 2675 3906 ana·

289 3948 471 4037 logia
529 3951 784 4033 petitis,
848 3948 1178 4013 defendere
1247 3966 1510 4033 possem.
1585 3944 1711 4013 Sed
1768 3968 1893 4013 non
1956 3967 2155 4032 usque
2202 3946 2357 4015 adeo
2404 3946 2675 4012 testibus

291 4055 585 4120 destituti
629 4076 885 4132 sumus,
933 4075 1083 4120 nam
1133 4052 1505 4139 Apollonius
1551 4053 1627 4119 de
1673 4074 1850 4139 pron.
1893 4050 2023 4119 383
2048 4077 2079 4117 ο
2110 4053 2328 4120 Alcaei
2364 4052 2484 4119 hoc
2507 4052 2675 4141 frag-

291 4167 588 4226 mentum
649 4160 861 4227 afl'ert:
923 4158 1201 4240 ἅμμεσιν
1269 4159 1556 4241 πεδάοροι(
1601 4161 1863 4249 (fragm.
1914 4158 2043 4226 100
2089 4160 2375 4248 Bergk).
2446 4158 2674 4247 Itaque

293 4268 360 4330 in
408 4266 664 4333 Aeolica
710 4266 1016 4349 dialecto,
1063 4287 1224 4353 quae
1267 4264 1710 4353 quammulta
1746 4288 1894 4333 cum
1935 4266 2279 4333 Homerica
2300 4267 2673 4333 communia

293 4372 524 4438 habeat
571 4374 638 4437 in
687 4372 820 4439 dies
865 4373 1100 4439 melius
1143 4375 1522 4459 perspicitur
1539 4423 1557 4458 ,
1606 4372 1879 4439 formam
1919 4370 2195 4453 ἄμμεσιν
2220 4371 2351 4460 (vel
2373 4371 2670 4459 ἄμμισιν)

291 4480 614 4559 extitisse,
677 4478 912 4546 diserto
971 4480 1341 4547 testimonio
1381 4484 1662 4547 constat:
1712 4479 1937 4566 quidni
1984 4479 2264 4547 Homero
2308 4500 2558 4567 quoque
2603 4480 2673 4546 in

2308 4602 2379 4651 28
