<?xml version="1.0" encoding="UTF-8"?>
<!DOCTYPE html PUBLIC "-//W3C//DTD XHTML 1.0 Transitional//EN"
    "http://www.w3.org/TR/xhtml1/DTD/xhtml1-transitional.dtd">
<html xmlns="http://www.w3.org/1999/xhtml" xml:lang="en" lang="en">
 <head>
  <title>
</title>
<meta http-equiv="Content-Type" content="text/html;charset=utf-8" />
  <meta name='ocr-system' content='tesseract 3.04.00' />
  <meta name='ocr-capabilities' content='ocr_page ocr_carea ocr_par ocr_line ocrx_word'/>
</head>
<body>
  <div class='ocr_page' id='page_1' title='image "./mnemosynevolume00verdgoog_0394.png"; bbox 0 0 3436 5161; ppageno 0'>
   <div class='ocr_carea' id='block_1_1' title="bbox 658 341 2178 432">
    <p class='ocr_par' dir='ltr' id='par_1_1' title="bbox 658 341 2178 432">
     <span class='ocr_line' id='line_1_1' title="bbox 658 341 2178 432; baseline -0.001 -3"><span class='ocrx_word' id='word_1_1' title='bbox 658 363 789 431; x_wconf 72' lang='lat'><strong>370</strong></span> <span class='ocrx_word' id='word_1_2' title='bbox 922 341 933 369; x_wconf 81' lang='lat'><strong><em>⁴</em></strong></span> <span class='ocrx_word' id='word_1_3' title='bbox 1206 404 1212 419; x_wconf 57' lang='grc' dir='ltr'><strong><em>ι</em></strong></span> <span class='ocrx_word' id='word_1_4' title='bbox 1526 375 1800 432; x_wconf 63' lang='lat' dir='ltr'><strong>rumne</strong></span> <span class='ocrx_word' id='word_1_5' title='bbox 1846 379 2178 432; x_wconf 69' lang='lat' dir='ltr'><strong>sosarnus.</strong></span> 
     </span>
    </p>
   </div>
   <div class='ocr_carea' id='block_1_2' title="bbox 650 542 3046 1901">
    <p class='ocr_par' dir='ltr' id='par_1_2' title="bbox 650 542 3046 1901">
     <span class='ocr_line' id='line_1_2' title="bbox 655 542 3045 634; baseline -0.002 -21"><span class='ocrx_word' id='word_1_6' title='bbox 655 546 879 634; x_wconf 80' lang='lat' dir='ltr'>Syriae</span> <span class='ocrx_word' id='word_1_7' title='bbox 952 567 1171 634; x_wconf 83' lang='lat' dir='ltr'><strong>regem</strong></span> <span class='ocrx_word' id='word_1_8' title='bbox 1234 545 1579 613; x_wconf 79' lang='lat' dir='ltr'>Alexandri</span> <span class='ocrx_word' id='word_1_9' title='bbox 1650 546 1864 613; x_wconf 86' lang='lat' dir='ltr'><strong>filium</strong></span> <span class='ocrx_word' id='word_1_10' title='bbox 1932 547 2346 614; x_wconf 73' lang='lat' dir='ltr'><strong>Antiochum.</strong></span> <span class='ocrx_word' id='word_1_11' title='bbox 2419 544 2559 611; x_wconf 77' lang='grc' dir='ltr'><strong><em>’Καὶ</em></strong></span> <span class='ocrx_word' id='word_1_12' title='bbox 2622 542 2726 610; x_wconf 81' lang='grc' dir='ltr'><strong><em>τὸν</em></strong></span> <span class='ocrx_word' id='word_1_13' title='bbox 2791 543 2906 620; x_wconf 72' lang='grc' dir='ltr'><strong><em>μὲν</em></strong></span> <span class='ocrx_word' id='word_1_14' title='bbox 2963 545 3045 615; x_wconf 75' lang='grc' dir='ltr'><strong>ὥς</strong></span> 
     </span>
     <span class='ocr_line' id='line_1_3' title="bbox 654 651 3045 737; baseline -0.001 -20"><span class='ocrx_word' id='word_1_15' title='bbox 654 652 1223 737; x_wconf 73' lang='grc' dir='ltr'><strong>χειριζόμενος</strong></span> <span class='ocrx_word' id='word_1_16' title='bbox 1306 654 1595 720; x_wconf 68' lang='grc' dir='ltr'><strong><em>ἀποθάνοι</em></strong></span> <span class='ocrx_word' id='word_1_17' title='bbox 1684 654 2032 733; x_wconf 71' lang='grc' dir='ltr'><strong>διήγγειλε.</strong></span> <span class='ocrx_word' id='word_1_18' title='bbox 2139 653 2310 734; x_wconf 82' lang='lat' dir='ltr'><strong>Quid</strong></span> <span class='ocrx_word' id='word_1_19' title='bbox 2376 652 2498 719; x_wconf 86' lang='lat' dir='ltr'><strong>hoc</strong></span> <span class='ocrx_word' id='word_1_20' title='bbox 2568 651 2825 717; x_wconf 83' lang='lat' dir='ltr'><strong>tandem</strong></span> <span class='ocrx_word' id='word_1_21' title='bbox 2896 651 3045 715; x_wconf 73' lang='lat' dir='ltr'><strong>est?</strong></span> 
     </span>
     <span class='ocr_line' id='line_1_4' title="bbox 653 760 3046 846; baseline -0.002 -21"><span class='ocrx_word' id='word_1_22' title='bbox 653 760 913 826; x_wconf 82' lang='lat' dir='ltr'>Frustra</span> <span class='ocrx_word' id='word_1_23' title='bbox 969 781 1409 846; x_wconf 77' lang='lat' dir='ltr'><strong>quaereremus</strong></span> <span class='ocrx_word' id='word_1_24' title='bbox 1430 806 1447 837; x_wconf 89' lang='lat'><strong>,</strong></span> <span class='ocrx_word' id='word_1_25' title='bbox 1509 764 1635 826; x_wconf 90' lang='lat' dir='ltr'><strong>nisi</strong></span> <span class='ocrx_word' id='word_1_26' title='bbox 1699 762 1860 827; x_wconf 90' lang='lat' dir='ltr'><strong>forte</strong></span> <span class='ocrx_word' id='word_1_27' title='bbox 1909 761 2168 828; x_wconf 82' lang='lat' dir='ltr'><strong>aliunde</strong></span> <span class='ocrx_word' id='word_1_28' title='bbox 2217 760 2294 825; x_wconf 86' lang='lat' dir='ltr'><strong>de</strong></span> <span class='ocrx_word' id='word_1_29' title='bbox 2341 762 2566 825; x_wconf 89' lang='lat' dir='ltr'><strong>mortis</strong></span> <span class='ocrx_word' id='word_1_30' title='bbox 2613 777 2844 846; x_wconf 81' lang='lat' dir='ltr'><strong>genere</strong></span> <span class='ocrx_word' id='word_1_31' title='bbox 2889 775 3046 823; x_wconf 88' lang='lat' dir='ltr'><strong>con·</strong></span> 
     </span>
     <span class='ocr_line' id='line_1_5' title="bbox 653 861 3046 952; baseline -0.001 -21"><span class='ocrx_word' id='word_1_32' title='bbox 653 874 869 931; x_wconf 83' lang='lat' dir='ltr'><strong>staret.</strong></span> <span class='ocrx_word' id='word_1_33' title='bbox 928 866 1103 932; x_wconf 88' lang='lat' dir='ltr'><strong>Audi</strong></span> <span class='ocrx_word' id='word_1_34' title='bbox 1152 866 1411 931; x_wconf 86' lang='lat' dir='ltr'><strong>Livium</strong></span> <span class='ocrx_word' id='word_1_35' title='bbox 1462 868 1527 931; x_wconf 91' lang='lat' dir='ltr'><strong>in</strong></span> <span class='ocrx_word' id='word_1_36' title='bbox 1576 866 1876 952; x_wconf 86' lang='lat' dir='ltr'><strong>Epitome</strong></span> <span class='ocrx_word' id='word_1_37' title='bbox 1925 867 2066 932; x_wconf 91' lang='lat' dir='ltr'><strong>LV:</strong></span> <span class='ocrx_word' id='word_1_38' title='bbox 2121 865 2464 932; x_wconf 82' lang='lat' dir='ltr'><strong>Alexandri</strong></span> <span class='ocrx_word' id='word_1_39' title='bbox 2512 863 2717 948; x_wconf 87' lang='lat' dir='ltr'><strong>filius,</strong></span> <span class='ocrx_word' id='word_1_40' title='bbox 2765 884 2872 927; x_wconf 84' lang='lat' dir='ltr'><strong>rex</strong></span> <span class='ocrx_word' id='word_1_41' title='bbox 2920 861 3046 948; x_wconf 78' lang='lat' dir='ltr'><strong>Sy-</strong></span> 
     </span>
     <span class='ocr_line' id='line_1_6' title="bbox 653 966 3044 1055; baseline -0.002 -18"><span class='ocrx_word' id='word_1_42' title='bbox 653 974 820 1049; x_wconf 87' lang='lat' dir='ltr'><strong>riae,</strong></span> <span class='ocrx_word' id='word_1_43' title='bbox 878 971 1095 1037; x_wconf 87' lang='lat' dir='ltr'><strong>decem</strong></span> <span class='ocrx_word' id='word_1_44' title='bbox 1159 992 1353 1037; x_wconf 88' lang='lat' dir='ltr'><strong>annos</strong></span> <span class='ocrx_word' id='word_1_45' title='bbox 1415 974 1762 1038; x_wconf 89' lang='lat' dir='ltr'><strong>admodum</strong></span> <span class='ocrx_word' id='word_1_46' title='bbox 1821 974 2089 1050; x_wconf 87' lang='lat' dir='ltr'><strong>habens,</strong></span> <span class='ocrx_word' id='word_1_47' title='bbox 2140 994 2178 1038; x_wconf 87' lang='lat' dir='ltr'><strong>a</strong></span> <span class='ocrx_word' id='word_1_48' title='bbox 2225 971 2528 1047; x_wconf 90' lang='lat' dir='ltr'><strong>Diodoto,</strong></span> <span class='ocrx_word' id='word_1_49' title='bbox 2580 973 2690 1055; x_wconf 87' lang='lat' dir='ltr'><strong>qui</strong></span> <span class='ocrx_word' id='word_1_50' title='bbox 2737 966 3044 1055; x_wconf 82' lang='lat' dir='ltr'><strong>Tryphon</strong></span> 
     </span>
     <span class='ocr_line' id='line_1_7' title="bbox 653 1072 3046 1165; baseline -0.002 -22"><span class='ocrx_word' id='word_1_51' title='bbox 653 1072 1249 1165; x_wconf 72' lang='lat' dir='ltr'><strong>cognominabatur,</strong></span> <span class='ocrx_word' id='word_1_52' title='bbox 1316 1084 1526 1144; x_wconf 88' lang='lat' dir='ltr'><strong>tutore</strong></span> <span class='ocrx_word' id='word_1_53' title='bbox 1582 1100 1697 1144; x_wconf 86' lang='lat' dir='ltr'><strong>suo</strong></span> <span class='ocrx_word' id='word_1_54' title='bbox 1760 1100 1872 1164; x_wconf 89' lang='lat' dir='ltr'><strong>per</strong></span> <span class='ocrx_word' id='word_1_55' title='bbox 1926 1079 2212 1145; x_wconf 85' lang='lat' dir='ltr'><strong>fraudem</strong></span> <span class='ocrx_word' id='word_1_56' title='bbox 2263 1080 2506 1143; x_wconf 84' lang='lat' dir='ltr'><strong>occisus</strong></span> <span class='ocrx_word' id='word_1_57' title='bbox 2551 1084 2678 1151; x_wconf 86' lang='lat' dir='ltr'><strong>est;</strong></span> <span class='ocrx_word' id='word_1_58' title='bbox 2730 1078 3046 1160; x_wconf 80' lang='lat' dir='ltr'><strong>corruptis</strong></span> 
     </span>
     <span class='ocr_line' id='line_1_8' title="bbox 651 1183 3041 1269; baseline -0.001 -20"><span class='ocrx_word' id='word_1_59' title='bbox 651 1184 952 1261; x_wconf 86' lang='lat' dir='ltr'><strong>medicis,</strong></span> <span class='ocrx_word' id='word_1_60' title='bbox 1020 1186 1131 1269; x_wconf 92' lang='lat' dir='ltr'><strong>qui</strong></span> <span class='ocrx_word' id='word_1_61' title='bbox 1185 1204 1334 1249; x_wconf 89' lang='lat' dir='ltr'><strong>eum</strong></span> <span class='ocrx_word' id='word_1_62' title='bbox 1382 1183 1613 1250; x_wconf 85' lang='lat' dir='ltr'><strong>calculi</strong></span> <span class='ocrx_word' id='word_1_63' title='bbox 1660 1184 1874 1252; x_wconf 87' lang='lat' dir='ltr'><strong>dolore</strong></span> <span class='ocrx_word' id='word_1_64' title='bbox 1921 1186 2210 1251; x_wconf 79' lang='lat' dir='ltr'><strong>consumi</strong></span> <span class='ocrx_word' id='word_1_65' title='bbox 2257 1184 2337 1250; x_wconf 88' lang='lat' dir='ltr'><strong>ad</strong></span> <span class='ocrx_word' id='word_1_66' title='bbox 2385 1183 2695 1269; x_wconf 88' lang='lat' dir='ltr'><strong>populum</strong></span> <span class='ocrx_word' id='word_1_67' title='bbox 2742 1184 2997 1247; x_wconf 85' lang='lat' dir='ltr'><strong>mentiti</strong></span> <span class='ocrx_word' id='word_1_68' title='bbox 3021 1228 3041 1257; x_wconf 86' lang='lat'><strong>.</strong></span> 
     </span>
     <span class='ocr_line' id='line_1_9' title="bbox 650 1287 3046 1377; baseline 0 -24"><span class='ocrx_word' id='word_1_69' title='bbox 650 1291 789 1354; x_wconf 84' lang='lat' dir='ltr'><strong>dum</strong></span> <span class='ocrx_word' id='word_1_70' title='bbox 832 1298 1067 1374; x_wconf 70' lang='lat' dir='ltr'><strong>secant,</strong></span> <span class='ocrx_word' id='word_1_71' title='bbox 1114 1291 1497 1357; x_wconf 90' lang='lat' dir='ltr'><strong>occiderunt.</strong></span> <span class='ocrx_word' id='word_1_72' title='bbox 1556 1292 1673 1357; x_wconf 82' lang='lat' dir='ltr'><strong>Est</strong></span> <span class='ocrx_word' id='word_1_73' title='bbox 1724 1291 1984 1377; x_wconf 85' lang='lat' dir='ltr'><strong>Josephi</strong></span> <span class='ocrx_word' id='word_1_74' title='bbox 2030 1294 2312 1377; x_wconf 84' lang='lat' dir='ltr'><strong>optimus</strong></span> <span class='ocrx_word' id='word_1_75' title='bbox 2358 1290 2554 1357; x_wconf 85' lang='lat' dir='ltr'><strong>codex</strong></span> <span class='ocrx_word' id='word_1_76' title='bbox 2601 1288 2808 1377; x_wconf 84' lang='lat' dir='ltr'><strong>Lug-d.</strong></span> <span class='ocrx_word' id='word_1_77' title='bbox 2851 1287 3046 1353; x_wconf 87' lang='lat' dir='ltr'><strong>Bata·</strong></span> 
     </span>
     <span class='ocr_line' id='line_1_10' title="bbox 652 1396 3040 1482; baseline -0.002 -21"><span class='ocrx_word' id='word_1_78' title='bbox 652 1417 807 1469; x_wconf 84' lang='lat' dir='ltr'><strong>vus.</strong></span> <span class='ocrx_word' id='word_1_79' title='bbox 856 1399 1036 1461; x_wconf 87' lang='lat' dir='ltr'><strong>cuius</strong></span> <span class='ocrx_word' id='word_1_80' title='bbox 1081 1399 1657 1482; x_wconf 80' lang='lat' dir='ltr'><strong>praestantissimas</strong></span> <span class='ocrx_word' id='word_1_81' title='bbox 1702 1398 2006 1463; x_wconf 85' lang='lat' dir='ltr'><strong>lectiones</strong></span> <span class='ocrx_word' id='word_1_82' title='bbox 2051 1396 2558 1481; x_wconf 82' lang='lat' dir='ltr'><strong>Havercampius</strong></span> <span class='ocrx_word' id='word_1_83' title='bbox 2603 1414 2787 1479; x_wconf 86' lang='lat' dir='ltr'><strong>saepe</strong></span> <span class='ocrx_word' id='word_1_84' title='bbox 2825 1396 3040 1459; x_wconf 90' lang='lat' dir='ltr'><strong>incon-</strong></span> 
     </span>
     <span class='ocr_line' id='line_1_11' title="bbox 652 1498 3046 1591; baseline -0.002 -23"><span class='ocrx_word' id='word_1_85' title='bbox 652 1502 822 1569; x_wconf 86' lang='lat' dir='ltr'><strong>sulto</strong></span> <span class='ocrx_word' id='word_1_86' title='bbox 865 1503 1117 1589; x_wconf 89' lang='lat' dir='ltr'><strong>abjecit.</strong></span> <span class='ocrx_word' id='word_1_87' title='bbox 1190 1502 1461 1591; x_wconf 81' lang='lat' dir='ltr'><strong>Legitur</strong></span> <span class='ocrx_word' id='word_1_88' title='bbox 1506 1506 1570 1569; x_wconf 90' lang='lat' dir='ltr'><strong>in</strong></span> <span class='ocrx_word' id='word_1_89' title='bbox 1623 1525 1697 1571; x_wconf 89' lang='lat' dir='ltr'><strong>eo</strong></span> <span class='ocrx_word' id='word_1_90' title='bbox 1746 1505 1958 1571; x_wconf 88' lang='lat' dir='ltr'><strong>codice</strong></span> <span class='ocrx_word' id='word_1_91' title='bbox 2005 1524 2129 1570; x_wconf 90' lang='lat' dir='ltr'><strong>non</strong></span> <span class='ocrx_word' id='word_1_92' title='bbox 2175 1501 2585 1585; x_wconf 77' lang='grc' dir='ltr'><strong><em>χειριζόμενος</em></strong></span> <span class='ocrx_word' id='word_1_93' title='bbox 2635 1506 2745 1567; x_wconf 83' lang='lat' dir='ltr'><strong>sed</strong></span> <span class='ocrx_word' id='word_1_94' title='bbox 2787 1498 3046 1583; x_wconf 76' lang='grc' dir='ltr'><strong><em>χαριζό-</em></strong></span> 
     </span>
     <span class='ocr_line' id='line_1_12' title="bbox 650 1606 3044 1697; baseline -0.001 -24"><span class='ocrx_word' id='word_1_95' title='bbox 650 1631 859 1686; x_wconf 79' lang='grc' dir='ltr'><strong><em>μενος,</em></strong></span> <span class='ocrx_word' id='word_1_96' title='bbox 911 1608 1079 1695; x_wconf 91' lang='lat' dir='ltr'><strong>quod</strong></span> <span class='ocrx_word' id='word_1_97' title='bbox 1124 1629 1249 1674; x_wconf 90' lang='lat' dir='ltr'><strong>non</strong></span> <span class='ocrx_word' id='word_1_98' title='bbox 1299 1612 1509 1697; x_wconf 86' lang='lat' dir='ltr'><strong>magis</strong></span> <span class='ocrx_word' id='word_1_99' title='bbox 1557 1631 1784 1676; x_wconf 82' lang='lat' dir='ltr'><strong>verum</strong></span> <span class='ocrx_word' id='word_1_100' title='bbox 1831 1617 1962 1687; x_wconf 86' lang='lat' dir='ltr'><strong>est,</strong></span> <span class='ocrx_word' id='word_1_101' title='bbox 2025 1610 2133 1675; x_wconf 87' lang='lat' dir='ltr'><strong>sed</strong></span> <span class='ocrx_word' id='word_1_102' title='bbox 2185 1630 2380 1675; x_wconf 90' lang='lat' dir='ltr'><strong>manu</strong></span> <span class='ocrx_word' id='word_1_103' title='bbox 2419 1609 2594 1675; x_wconf 85' lang='lat' dir='ltr'><strong>ducit</strong></span> <span class='ocrx_word' id='word_1_104' title='bbox 2631 1606 2709 1673; x_wconf 89' lang='lat' dir='ltr'><strong>ad</strong></span> <span class='ocrx_word' id='word_1_105' title='bbox 2757 1606 2824 1672; x_wconf 92' lang='lat' dir='ltr'><strong>id</strong></span> <span class='ocrx_word' id='word_1_106' title='bbox 2869 1606 3044 1692; x_wconf 91' lang='lat' dir='ltr'><strong>quod</strong></span> 
     </span>
     <span class='ocr_line' id='line_1_13' title="bbox 654 1713 3042 1805; baseline -0.001 -24"><span class='ocrx_word' id='word_1_107' title='bbox 654 1736 1176 1801; x_wconf 83' lang='lat' dir='ltr'><strong>unumquemque</strong></span> <span class='ocrx_word' id='word_1_108' title='bbox 1227 1718 1395 1781; x_wconf 87' lang='lat' dir='ltr'><strong>inter</strong></span> <span class='ocrx_word' id='word_1_109' title='bbox 1434 1716 1780 1805; x_wconf 82' lang='lat' dir='ltr'><strong>legendum</strong></span> <span class='ocrx_word' id='word_1_110' title='bbox 1822 1720 1952 1783; x_wconf 89' lang='lat' dir='ltr'><strong>iam</strong></span> <span class='ocrx_word' id='word_1_111' title='bbox 1995 1719 2384 1803; x_wconf 77' lang='lat' dir='ltr'><strong>praecepisse</strong></span> <span class='ocrx_word' id='word_1_112' title='bbox 2420 1717 2719 1782; x_wconf 82' lang='lat' dir='ltr'><strong>arbitror:</strong></span> <span class='ocrx_word' id='word_1_113' title='bbox 2754 1713 3042 1797; x_wconf 82' lang='grc' dir='ltr'><strong><em>σχαζό-</em></strong></span> 
     </span>
     <span class='ocr_line' id='line_1_14' title="bbox 651 1820 2002 1901; baseline 0.001 -14"><span class='ocrx_word' id='word_1_114' title='bbox 651 1846 894 1901; x_wconf 79' lang='grc' dir='ltr'><strong><em>μενος.</em></strong></span> <span class='ocrx_word' id='word_1_115' title='bbox 947 1820 1295 1889; x_wconf 84' lang='lat' dir='ltr'><strong>Videturne</strong></span> <span class='ocrx_word' id='word_1_116' title='bbox 1340 1824 1459 1889; x_wconf 89' lang='lat' dir='ltr'><strong>hoc</strong></span> <span class='ocrx_word' id='word_1_117' title='bbox 1506 1826 1663 1889; x_wconf 87' lang='lat' dir='ltr'><strong>satis</strong></span> <span class='ocrx_word' id='word_1_118' title='bbox 1710 1820 2002 1890; x_wconf 77' lang='lat' dir='ltr'><strong>certum?</strong></span> 
     </span>
    </p>
   </div>
   <div class='ocr_carea' id='block_1_3' title="bbox 576 2031 3044 2225">
    <p class='ocr_par' dir='ltr' id='par_1_3' title="bbox 576 2031 3044 2225">
     <span class='ocr_line' id='line_1_15' title="bbox 740 2031 3040 2119; baseline 0.001 -21"><span class='ocrx_word' id='word_1_119' title='bbox 740 2035 956 2119; x_wconf 82' lang='lat' dir='ltr'><strong>Antiq.</strong></span> <span class='ocrx_word' id='word_1_120' title='bbox 1010 2031 1114 2099; x_wconf 83' lang='lat'><strong>13.</strong></span> <span class='ocrx_word' id='word_1_121' title='bbox 1166 2034 1227 2099; x_wconf 89' lang='grc'><strong>9.</strong></span> <span class='ocrx_word' id='word_1_122' title='bbox 1282 2036 1356 2101; x_wconf 86' lang='lat'><strong>1:</strong></span> <span class='ocrx_word' id='word_1_123' title='bbox 1425 2043 1818 2103; x_wconf 88' lang='lat' dir='ltr'><strong>memoratur</strong></span> <span class='ocrx_word' id='word_1_124' title='bbox 1882 2034 1954 2101; x_wconf 76' lang='grc' dir='ltr'><strong>τὸ</strong></span> <span class='ocrx_word' id='word_1_125' title='bbox 2001 2035 2306 2101; x_wconf 74' lang='grc' dir='ltr'><strong>Χουθαίων</strong></span> <span class='ocrx_word' id='word_1_126' title='bbox 2353 2034 2570 2116; x_wconf 81' lang='grc' dir='ltr'><strong><em>γένος,</em></strong></span> <span class='ocrx_word' id='word_1_127' title='bbox 2621 2032 2807 2113; x_wconf 74' lang='grc' dir='ltr'><strong><em>ὅπερ</em></strong></span> <span class='ocrx_word' id='word_1_128' title='bbox 2855 2032 3040 2117; x_wconf 75' lang='grc' dir='ltr'><strong><em>ᾤκει</em></strong></span> 
     </span>
     <span class='ocr_line' id='line_1_16' title="bbox 576 2139 3044 2225; baseline 0.002 -21"><span class='ocrx_word' id='word_1_129' title='bbox 576 2158 589 2176; x_wconf 87' lang='grc'><em>·</em></span> <span class='ocrx_word' id='word_1_130' title='bbox 651 2139 753 2204; x_wconf 80' lang='grc' dir='ltr'><strong><em>τὸν</em></strong></span> <span class='ocrx_word' id='word_1_131' title='bbox 801 2142 1163 2205; x_wconf 68' lang='grc' dir='ltr'><strong><em>εἰκασθέντα</em></strong></span> <span class='ocrx_word' id='word_1_132' title='bbox 1210 2144 1296 2221; x_wconf 72' lang='grc' dir='ltr'><strong>τῷ</strong></span> <span class='ocrx_word' id='word_1_133' title='bbox 1344 2144 1403 2207; x_wconf 75' lang='grc' dir='ltr'><strong><em>ἐν</em></strong></span> <span class='ocrx_word' id='word_1_134' title='bbox 1444 2144 1881 2223; x_wconf 77' lang='grc' dir='ltr'><strong><em>Ἰεροσολύμοις</em></strong></span> <span class='ocrx_word' id='word_1_135' title='bbox 1923 2145 2054 2225; x_wconf 67' lang='grc' dir='ltr'><strong>ἱερῷ</strong></span> <span class='ocrx_word' id='word_1_136' title='bbox 2093 2144 2252 2209; x_wconf 86' lang='grc' dir='ltr'><strong><em>ναόν.</em></strong></span> <span class='ocrx_word' id='word_1_137' title='bbox 2305 2144 2449 2209; x_wconf 87' lang='lat' dir='ltr'><strong>Non</strong></span> <span class='ocrx_word' id='word_1_138' title='bbox 2472 2143 2846 2209; x_wconf 80' lang='lat' dir='ltr'><strong>habitabant</strong></span> <span class='ocrx_word' id='word_1_139' title='bbox 2869 2148 3044 2209; x_wconf 74' lang='lat' dir='ltr'><strong>certo</strong></span> 
     </span>
    </p>
   </div>
   <div class='ocr_carea' id='block_1_4' title="bbox 650 2244 2329 2331">
    <p class='ocr_par' dir='ltr' id='par_1_4' title="bbox 650 2244 2329 2331">
     <span class='ocr_line' id='line_1_17' title="bbox 650 2244 2329 2331; baseline 0.001 -19"><span class='ocrx_word' id='word_1_140' title='bbox 650 2244 1042 2313; x_wconf 82' lang='lat' dir='ltr'><strong>Samaritani</strong></span> <span class='ocrx_word' id='word_1_141' title='bbox 1090 2250 1158 2314; x_wconf 93' lang='lat' dir='ltr'><strong>in</strong></span> <span class='ocrx_word' id='word_1_142' title='bbox 1204 2249 1357 2315; x_wconf 90' lang='lat' dir='ltr'><strong>aede</strong></span> <span class='ocrx_word' id='word_1_143' title='bbox 1405 2256 1469 2315; x_wconf 91' lang='lat' dir='ltr'><strong>et</strong></span> <span class='ocrx_word' id='word_1_144' title='bbox 1514 2251 1829 2317; x_wconf 74' lang='lat' dir='ltr'><strong>scribamz</strong></span> <span class='ocrx_word' id='word_1_145' title='bbox 1878 2247 1906 2317; x_wconf 79' lang='grc' dir='ltr'><em>ὃ</em></span> <span class='ocrx_word' id='word_1_146' title='bbox 1956 2248 2329 2331; x_wconf 76' lang='grc' dir='ltr'><strong><em>παρῴκει.</em></strong></span> 
     </span>
    </p>
   </div>
   <div class='ocr_carea' id='block_1_5' title="bbox 620 2460 3044 4563">
    <p class='ocr_par' dir='ltr' id='par_1_5' title="bbox 620 2460 3044 4563">
     <span class='ocr_line' id='line_1_18' title="bbox 743 2460 3044 2552; baseline 0 -25"><span class='ocrx_word' id='word_1_147' title='bbox 743 2460 1059 2528; x_wconf 87' lang='lat' dir='ltr'><strong>Continuo</strong></span> <span class='ocrx_word' id='word_1_148' title='bbox 1124 2466 1411 2549; x_wconf 88' lang='lat' dir='ltr'><strong>sequitur</strong></span> <span class='ocrx_word' id='word_1_149' title='bbox 1470 2466 1749 2529; x_wconf 90' lang='lat' dir='ltr'><strong>narratio</strong></span> <span class='ocrx_word' id='word_1_150' title='bbox 1805 2464 1882 2529; x_wconf 87' lang='lat' dir='ltr'><strong>de</strong></span> <span class='ocrx_word' id='word_1_151' title='bbox 1929 2462 2250 2552; x_wconf 82' lang='lat' dir='ltr'><strong>leg-atione</strong></span> <span class='ocrx_word' id='word_1_152' title='bbox 2297 2484 2489 2549; x_wconf 90' lang='lat' dir='ltr'><strong>quam</strong></span> <span class='ocrx_word' id='word_1_153' title='bbox 2534 2461 2811 2528; x_wconf 85' lang='lat' dir='ltr'><strong>Romam</strong></span> <span class='ocrx_word' id='word_1_154' title='bbox 2859 2460 3044 2527; x_wconf 84' lang='lat' dir='ltr'><strong>misit</strong></span> 
     </span>
     <span class='ocr_line' id='line_1_19' title="bbox 648 2568 3044 2658; baseline 0 -24"><span class='ocrx_word' id='word_1_155' title='bbox 648 2568 1026 2658; x_wconf 78' lang='lat' dir='ltr'><strong>Hyrcanae,</strong></span> <span class='ocrx_word' id='word_1_156' title='bbox 1076 2570 1293 2656; x_wconf 83' lang='lat' dir='ltr'><strong>Antiq.</strong></span> <span class='ocrx_word' id='word_1_157' title='bbox 1350 2570 1451 2638; x_wconf 87' lang='lat'><strong>13.</strong></span> <span class='ocrx_word' id='word_1_158' title='bbox 1504 2568 1565 2636; x_wconf 89' lang='grc'><strong>9.</strong></span> <span class='ocrx_word' id='word_1_159' title='bbox 1616 2569 1677 2634; x_wconf 85' lang='grc'><strong>2.</strong></span> <span class='ocrx_word' id='word_1_160' title='bbox 1749 2570 1979 2658; x_wconf 78' lang='lat' dir='ltr'><strong>Legati</strong></span> <span class='ocrx_word' id='word_1_161' title='bbox 2020 2580 2358 2656; x_wconf 82' lang='lat' dir='ltr'><strong>postquam</strong></span> <span class='ocrx_word' id='word_1_162' title='bbox 2396 2572 2466 2635; x_wconf 91' lang='lat' dir='ltr'><strong>in</strong></span> <span class='ocrx_word' id='word_1_163' title='bbox 2505 2568 2806 2650; x_wconf 79' lang='lat' dir='ltr'><strong>Senatum</strong></span> <span class='ocrx_word' id='word_1_164' title='bbox 2842 2570 3044 2634; x_wconf 88' lang='lat' dir='ltr'><strong>intro-</strong></span> 
     </span>
     <span class='ocr_line' id='line_1_20' title="bbox 651 2674 3042 2762; baseline -0.001 -21"><span class='ocrx_word' id='word_1_165' title='bbox 651 2676 829 2742; x_wconf 84' lang='lat' dir='ltr'><strong>ducti</strong></span> <span class='ocrx_word' id='word_1_166' title='bbox 874 2682 1059 2752; x_wconf 76' lang='lat' dir='ltr'><strong>eunt,</strong></span> <span class='ocrx_word' id='word_1_167' title='bbox 1109 2683 1175 2740; x_wconf 83' lang='lat' dir='ltr'><strong>et</strong></span> <span class='ocrx_word' id='word_1_168' title='bbox 1222 2676 1346 2742; x_wconf 81' lang='lat' dir='ltr'><strong>alia</strong></span> <span class='ocrx_word' id='word_1_169' title='bbox 1394 2679 1715 2762; x_wconf 77' lang='lat' dir='ltr'><strong>petierunt</strong></span> <span class='ocrx_word' id='word_1_170' title='bbox 1763 2687 1828 2744; x_wconf 85' lang='lat' dir='ltr'><strong>et</strong></span> <span class='ocrx_word' id='word_1_171' title='bbox 1873 2674 2032 2750; x_wconf 75' lang='grc' dir='ltr'><strong>ὅπως</strong></span> <span class='ocrx_word' id='word_1_172' title='bbox 2084 2679 2168 2743; x_wconf 71' lang='grc' dir='ltr'><strong>τοὶ</strong></span> <span class='ocrx_word' id='word_1_173' title='bbox 2217 2677 2386 2742; x_wconf 69' lang='grc' dir='ltr'><strong><em>κατὰ.</em></strong></span> <span class='ocrx_word' id='word_1_174' title='bbox 2431 2675 2533 2741; x_wconf 80' lang='grc' dir='ltr'><strong><em>τὸν</em></strong></span> <span class='ocrx_word' id='word_1_175' title='bbox 2572 2674 2842 2752; x_wconf 75' lang='grc' dir='ltr'><strong><em>πόλεμον</em></strong></span> <span class='ocrx_word' id='word_1_176' title='bbox 2883 2677 3042 2739; x_wconf 80' lang='grc' dir='ltr'><strong><em>ἐκεῖ·</em></strong></span> 
     </span>
     <span class='ocr_line' id='line_1_21' title="bbox 649 2782 3042 2865; baseline 0 -19"><span class='ocrx_word' id='word_1_177' title='bbox 649 2805 741 2847; x_wconf 92' lang='grc' dir='ltr'><strong>νον</strong></span> <span class='ocrx_word' id='word_1_178' title='bbox 787 2783 1398 2860; x_wconf 70' lang='grc' dir='ltr'><strong>ψηλαφηθέντα</strong></span> <span class='ocrx_word' id='word_1_179' title='bbox 1454 2782 1559 2846; x_wconf 75' lang='grc' dir='ltr'><strong>ὑπ”</strong></span> <span class='ocrx_word' id='word_1_180' title='bbox 1612 2782 1944 2864; x_wconf 73' lang='grc' dir='ltr'><strong><em>Ἀντίοχον</em></strong></span> <span class='ocrx_word' id='word_1_181' title='bbox 1993 2783 2166 2865; x_wconf 70' lang='grc' dir='ltr'><strong><em>παρὰ</em></strong></span> <span class='ocrx_word' id='word_1_182' title='bbox 2215 2784 2285 2849; x_wconf 84' lang='grc' dir='ltr'><strong>τὸ</strong></span> <span class='ocrx_word' id='word_1_183' title='bbox 2333 2789 2442 2856; x_wconf 76' lang='grc' dir='ltr'><strong>τῆς</strong></span> <span class='ocrx_word' id='word_1_184' title='bbox 2491 2783 2848 2860; x_wconf 74' lang='grc' dir='ltr'><strong><em>συγκλήτου</em></strong></span> <span class='ocrx_word' id='word_1_185' title='bbox 2895 2782 3042 2861; x_wconf 75' lang='grc' dir='ltr'><strong><em>δόγ-</em></strong></span> 
     </span>
     <span class='ocr_line' id='line_1_22' title="bbox 648 2886 3042 2976; baseline 0.001 -24"><span class='ocrx_word' id='word_1_186' title='bbox 648 2913 743 2966; x_wconf 76' lang='grc' dir='ltr'><strong><em>μα</em></strong></span> <span class='ocrx_word' id='word_1_187' title='bbox 792 2886 990 2966; x_wconf 78' lang='grc' dir='ltr'><strong><em>ἄκυρα</em></strong></span> <span class='ocrx_word' id='word_1_188' title='bbox 1037 2889 1314 2966; x_wconf 83' lang='grc' dir='ltr'><strong><em>γένηται.</em></strong></span> <span class='ocrx_word' id='word_1_189' title='bbox 1377 2889 1481 2953; x_wconf 86' lang='lat' dir='ltr'><strong>Ita</strong></span> <span class='ocrx_word' id='word_1_190' title='bbox 1526 2887 2037 2976; x_wconf 83' lang='lat' dir='ltr'><strong>Havercampius</strong></span> <span class='ocrx_word' id='word_1_191' title='bbox 2085 2890 2290 2957; x_wconf 91' lang='lat' dir='ltr'><strong>edidit</strong></span> <span class='ocrx_word' id='word_1_192' title='bbox 2332 2897 2396 2956; x_wconf 91' lang='lat' dir='ltr'><strong>et</strong></span> <span class='ocrx_word' id='word_1_193' title='bbox 2443 2888 2869 2975; x_wconf 79' lang='lat' dir='ltr'><strong>Spanhemiua</strong></span> <span class='ocrx_word' id='word_1_194' title='bbox 2915 2893 3042 2966; x_wconf 86' lang='grc' dir='ltr'><strong>ψη-</strong></span> 
     </span>
     <span class='ocr_line' id='line_1_23' title="bbox 649 2981 3040 3082; baseline 0 -24"><span class='ocrx_word' id='word_1_195' title='bbox 649 2995 1017 3076; x_wconf 83' lang='grc' dir='ltr'><strong><em>λαφηθέντα</em></strong></span> <span class='ocrx_word' id='word_1_196' title='bbox 1080 2993 1439 3082; x_wconf 78' lang='lat' dir='ltr'><strong>intelligere</strong></span> <span class='ocrx_word' id='word_1_197' title='bbox 1500 2995 1625 3060; x_wconf 85' lang='lat' dir='ltr'><strong>sibi</strong></span> <span class='ocrx_word' id='word_1_198' title='bbox 1680 2981 1975 3073; x_wconf 70' lang='lat' dir='ltr'><strong>⁸videtur,</strong></span> <span class='ocrx_word' id='word_1_199' title='bbox 2033 2995 2253 3062; x_wconf 91' lang='lat' dir='ltr'><strong>laudat</strong></span> <span class='ocrx_word' id='word_1_200' title='bbox 2297 3001 2464 3061; x_wconf 87' lang='lat' dir='ltr'><strong>cert-e</strong></span> <span class='ocrx_word' id='word_1_201' title='bbox 2511 2992 2738 3062; x_wconf 74' lang='lat' dir='ltr'><strong>Genea.</strong></span> <span class='ocrx_word' id='word_1_202' title='bbox 2789 2993 2898 3061; x_wconf 86' lang='lat'><strong>27.</strong></span> <span class='ocrx_word' id='word_1_203' title='bbox 2950 2992 3040 3058; x_wconf 83' lang='lat'><strong>12</strong></span> 
     </span>
     <span class='ocr_line' id='line_1_24' title="bbox 647 3099 3038 3185; baseline -0.002 -18"><span class='ocrx_word' id='word_1_204' title='bbox 647 3109 713 3167; x_wconf 91' lang='lat' dir='ltr'><strong>et</strong></span> <span class='ocrx_word' id='word_1_205' title='bbox 757 3101 955 3167; x_wconf 83' lang='lat' dir='ltr'><strong>Exod.</strong></span> <span class='ocrx_word' id='word_1_206' title='bbox 1012 3101 1117 3166; x_wconf 92' lang='grc'><strong>10.</strong></span> <span class='ocrx_word' id='word_1_207' title='bbox 1166 3099 1290 3178; x_wconf 82' lang='lat'><strong>21,</strong></span> <span class='ocrx_word' id='word_1_208' title='bbox 1339 3101 1465 3165; x_wconf 87' lang='lat' dir='ltr'><strong>nisi</strong></span> <span class='ocrx_word' id='word_1_209' title='bbox 1511 3101 1672 3166; x_wconf 84' lang='lat' dir='ltr'><strong>forte</strong></span> <span class='ocrx_word' id='word_1_210' title='bbox 1721 3100 1989 3167; x_wconf 81' lang='lat' dir='ltr'><strong>lectores</strong></span> <span class='ocrx_word' id='word_1_211' title='bbox 2035 3100 2352 3167; x_wconf 85' lang='lat' dir='ltr'><strong>ludificari</strong></span> <span class='ocrx_word' id='word_1_212' title='bbox 2393 3100 2701 3185; x_wconf 86' lang='lat' dir='ltr'><strong>voluerit,</strong></span> <span class='ocrx_word' id='word_1_213' title='bbox 2741 3120 2889 3166; x_wconf 89' lang='lat' dir='ltr'><strong>cum</strong></span> <span class='ocrx_word' id='word_1_214' title='bbox 2915 3105 3038 3176; x_wconf 84' lang='grc' dir='ltr'><strong><em>ψη·-</em></strong></span> 
     </span>
     <span class='ocr_line' id='line_1_25' title="bbox 645 3205 3038 3291; baseline -0.001 -18"><span class='ocrx_word' id='word_1_215' title='bbox 645 3208 934 3284; x_wconf 81' lang='grc' dir='ltr'><strong><em>λαφητὸν</em></strong></span> <span class='ocrx_word' id='word_1_216' title='bbox 980 3205 1191 3280; x_wconf 81' lang='grc' dir='ltr'><strong><em>σκότος</em></strong></span> <span class='ocrx_word' id='word_1_217' title='bbox 1241 3207 1334 3271; x_wconf 92' lang='lat' dir='ltr'><strong>ibi</strong></span> <span class='ocrx_word' id='word_1_218' title='bbox 1380 3207 1647 3272; x_wconf 89' lang='lat' dir='ltr'><strong>dicatur.</strong></span> <span class='ocrx_word' id='word_1_219' title='bbox 1698 3206 1883 3272; x_wconf 89' lang='lat' dir='ltr'><strong>Unus</strong></span> <span class='ocrx_word' id='word_1_220' title='bbox 1931 3207 2126 3274; x_wconf 82' lang='lat' dir='ltr'><strong>codex</strong></span> <span class='ocrx_word' id='word_1_221' title='bbox 2172 3209 2566 3289; x_wconf 68' lang='grc' dir='ltr'><strong><em>ψηφισθέντα</em></strong></span> <span class='ocrx_word' id='word_1_222' title='bbox 2611 3206 2806 3273; x_wconf 88' lang='lat' dir='ltr'><strong>habet</strong></span> <span class='ocrx_word' id='word_1_223' title='bbox 2843 3207 3038 3291; x_wconf 88' lang='lat' dir='ltr'><strong>idque</strong></span> 
     </span>
     <span class='ocr_line' id='line_1_26' title="bbox 647 3313 3036 3400; baseline 0 -22"><span class='ocrx_word' id='word_1_224' title='bbox 647 3320 859 3378; x_wconf 86' lang='lat' dir='ltr'><strong>nostra</strong></span> <span class='ocrx_word' id='word_1_225' title='bbox 905 3318 1111 3379; x_wconf 87' lang='lat' dir='ltr'><strong>aetate</strong></span> <span class='ocrx_word' id='word_1_226' title='bbox 1157 3315 1353 3377; x_wconf 91' lang='lat' dir='ltr'><strong>nimis</strong></span> <span class='ocrx_word' id='word_1_227' title='bbox 1400 3313 1627 3398; x_wconf 88' lang='lat' dir='ltr'><strong>cupide</strong></span> <span class='ocrx_word' id='word_1_228' title='bbox 1677 3323 2002 3400; x_wconf 83' lang='lat' dir='ltr'><strong>arreptum</strong></span> <span class='ocrx_word' id='word_1_229' title='bbox 2050 3315 2213 3399; x_wconf 85' lang='lat' dir='ltr'><strong>fuit,</strong></span> <span class='ocrx_word' id='word_1_230' title='bbox 2261 3333 2410 3379; x_wconf 89' lang='lat' dir='ltr'><strong>nam</strong></span> <span class='ocrx_word' id='word_1_231' title='bbox 2458 3333 2661 3398; x_wconf 90' lang='lat' dir='ltr'><strong>neque</strong></span> <span class='ocrx_word' id='word_1_232' title='bbox 2708 3313 2872 3380; x_wconf 88' lang='lat' dir='ltr'><strong>illud</strong></span> <span class='ocrx_word' id='word_1_233' title='bbox 2909 3321 3036 3393; x_wconf 84' lang='grc' dir='ltr'><strong>ψη-</strong></span> 
     </span>
     <span class='ocr_line' id='line_1_27' title="bbox 648 3418 3036 3507; baseline 0.001 -24"><span class='ocrx_word' id='word_1_234' title='bbox 648 3421 947 3500; x_wconf 83' lang='grc' dir='ltr'><strong><em>φισθέντα</em></strong></span> <span class='ocrx_word' id='word_1_235' title='bbox 997 3418 1074 3484; x_wconf 91' lang='lat' dir='ltr'><strong>de</strong></span> <span class='ocrx_word' id='word_1_236' title='bbox 1117 3440 1267 3507; x_wconf 82' lang='lat' dir='ltr'><strong>reg-e</strong></span> <span class='ocrx_word' id='word_1_237' title='bbox 1314 3422 1909 3504; x_wconf 85' lang='lat' dir='ltr'><strong>usurpatum,.huc</strong></span> <span class='ocrx_word' id='word_1_238' title='bbox 1957 3423 2200 3505; x_wconf 87' lang='lat' dir='ltr'><strong>optime</strong></span> <span class='ocrx_word' id='word_1_239' title='bbox 2247 3419 2548 3505; x_wconf 65' lang='lat' dir='ltr'><strong>quadrat,</strong></span> <span class='ocrx_word' id='word_1_240' title='bbox 2599 3441 2801 3505; x_wconf 88' lang='lat' dir='ltr'><strong>neque</strong></span> <span class='ocrx_word' id='word_1_241' title='bbox 2847 3419 3036 3486; x_wconf 87' lang='lat' dir='ltr'><strong>intel-</strong></span> 
     </span>
     <span class='ocr_line' id='line_1_28' title="bbox 645 3525 3038 3614; baseline -0 -23"><span class='ocrx_word' id='word_1_242' title='bbox 645 3526 879 3614; x_wconf 85' lang='lat' dir='ltr'><strong>ligitur</strong></span> <span class='ocrx_word' id='word_1_243' title='bbox 937 3525 1249 3611; x_wconf 89' lang='lat' dir='ltr'><strong>quomodo</strong></span> <span class='ocrx_word' id='word_1_244' title='bbox 1314 3526 1722 3592; x_wconf 82' lang='lat' dir='ltr'><strong>notissimum</strong></span> <span class='ocrx_word' id='word_1_245' title='bbox 1785 3526 2172 3594; x_wconf 79' lang='lat' dir='ltr'><strong>vocabulum</strong></span> <span class='ocrx_word' id='word_1_246' title='bbox 2232 3526 2630 3606; x_wconf 71' lang='grc' dir='ltr'><strong><em>ψηφισθέντα</em></strong></span> <span class='ocrx_word' id='word_1_247' title='bbox 2689 3527 2865 3592; x_wconf 89' lang='lat' dir='ltr'><strong>abire</strong></span> <span class='ocrx_word' id='word_1_248' title='bbox 2927 3546 3038 3611; x_wconf 89' lang='lat' dir='ltr'><strong>po·</strong></span> 
     </span>
     <span class='ocr_line' id='line_1_29' title="bbox 620 3631 3034 3716; baseline -0.001 -18"><span class='ocrx_word' id='word_1_249' title='bbox 620 3635 844 3716; x_wconf 31' lang='lat' dir='ltr'><strong>‘tuerit</strong></span> <span class='ocrx_word' id='word_1_250' title='bbox 904 3634 973 3698; x_wconf 92' lang='lat' dir='ltr'><strong>in</strong></span> <span class='ocrx_word' id='word_1_251' title='bbox 1033 3632 1511 3710; x_wconf 84' lang='grc' dir='ltr'><strong><em>ψηλαφηθέντα.</em></strong></span> <span class='ocrx_word' id='word_1_252' title='bbox 1586 3631 1800 3697; x_wconf 85' lang='lat' dir='ltr'><strong>Facile</strong></span> <span class='ocrx_word' id='word_1_253' title='bbox 1863 3633 2187 3709; x_wconf 85' lang='lat' dir='ltr'><strong>obtineb0,</strong></span> <span class='ocrx_word' id='word_1_254' title='bbox 2247 3653 2382 3698; x_wconf 84' lang='lat' dir='ltr'><strong>esse</strong></span> <span class='ocrx_word' id='word_1_255' title='bbox 2427 3631 2591 3698; x_wconf 88' lang='lat' dir='ltr'><strong>illud</strong></span> <span class='ocrx_word' id='word_1_256' title='bbox 2637 3633 3034 3712; x_wconf 69' lang='grc' dir='ltr'><strong><em>ψηφισθέντα</em></strong></span> 
     </span>
     <span class='ocr_line' id='line_1_30' title="bbox 643 3737 3032 3824; baseline -0 -19"><span class='ocrx_word' id='word_1_257' title='bbox 643 3741 1031 3824; x_wconf 83' lang='lat' dir='ltr'><strong>malesanam</strong></span> <span class='ocrx_word' id='word_1_258' title='bbox 1076 3737 1324 3803; x_wconf 89' lang='lat' dir='ltr'><strong>librarii</strong></span> <span class='ocrx_word' id='word_1_259' title='bbox 1372 3738 1705 3803; x_wconf 82' lang='lat' dir='ltr'><strong>cuiusdam</strong></span> <span class='ocrx_word' id='word_1_260' title='bbox 1759 3741 2210 3804; x_wconf 85' lang='lat' dir='ltr'><strong>correctionem</strong></span> <span class='ocrx_word' id='word_1_261' title='bbox 2252 3746 2316 3805; x_wconf 89' lang='lat' dir='ltr'><strong>et</strong></span> <span class='ocrx_word' id='word_1_262' title='bbox 2355 3738 2817 3818; x_wconf 77' lang='grc' dir='ltr'><strong><em>ψηλαφηθέντα</em></strong></span> <span class='ocrx_word' id='word_1_263' title='bbox 2856 3741 3032 3804; x_wconf 87' lang='lat' dir='ltr'><strong>intus</strong></span> 
     </span>
     <span class='ocr_line' id='line_1_31' title="bbox 644 3841 3036 3930; baseline -0.001 -18"><span class='ocrx_word' id='word_1_264' title='bbox 644 3845 846 3912; x_wconf 89' lang='lat' dir='ltr'><strong>celare</strong></span> <span class='ocrx_word' id='word_1_265' title='bbox 906 3865 1126 3910; x_wconf 86' lang='lat' dir='ltr'><strong>veram</strong></span> <span class='ocrx_word' id='word_1_266' title='bbox 1184 3843 1444 3930; x_wconf 83' lang='lat' dir='ltr'><strong>Josephi</strong></span> <span class='ocrx_word' id='word_1_267' title='bbox 1496 3864 1782 3909; x_wconf 90' lang='lat' dir='ltr'><strong>manum.</strong></span> <span class='ocrx_word' id='word_1_268' title='bbox 1855 3841 1980 3910; x_wconf 81' lang='lat' dir='ltr'><strong>Sed</strong></span> <span class='ocrx_word' id='word_1_269' title='bbox 2028 3845 2182 3930; x_wconf 87' lang='lat' dir='ltr'><strong>quid</strong></span> <span class='ocrx_word' id='word_1_270' title='bbox 2228 3845 2485 3911; x_wconf 84' lang='lat' dir='ltr'><strong>tandem</strong></span> <span class='ocrx_word' id='word_1_271' title='bbox 2535 3842 2739 3911; x_wconf 76' lang='lat' dir='ltr'><strong>latet?</strong></span> <span class='ocrx_word' id='word_1_272' title='bbox 2808 3845 3036 3911; x_wconf 88' lang='lat' dir='ltr'><strong>Nonne</strong></span> 
     </span>
     <span class='ocr_line' id='line_1_32' title="bbox 644 3947 3034 4038; baseline -0 -21"><span class='ocrx_word' id='word_1_273' title='bbox 644 3947 1315 4027; x_wconf 68' lang='grc' dir='ltr'><strong><em>λεηλατηθένταῗ</em></strong></span> <span class='ocrx_word' id='word_1_274' title='bbox 1365 3949 1548 4030; x_wconf 83' lang='lat' dir='ltr'><strong>Quod</strong></span> <span class='ocrx_word' id='word_1_275' title='bbox 1594 3953 1750 4016; x_wconf 85' lang='lat' dir='ltr'><strong>satis</strong></span> <span class='ocrx_word' id='word_1_276' title='bbox 1796 3965 2020 4015; x_wconf 83' lang='lat' dir='ltr'><strong>notum</strong></span> <span class='ocrx_word' id='word_1_277' title='bbox 2065 3972 2196 4016; x_wconf 84' lang='lat' dir='ltr'><strong>esse</strong></span> <span class='ocrx_word' id='word_1_278' title='bbox 2235 3952 2536 4029; x_wconf 86' lang='lat' dir='ltr'><strong>arbitror,</strong></span> <span class='ocrx_word' id='word_1_279' title='bbox 2563 3957 2864 4038; x_wconf 86' lang='lat' dir='ltr'><strong>perpetuo</strong></span> <span class='ocrx_word' id='word_1_280' title='bbox 2889 3971 3034 4016; x_wconf 91' lang='lat' dir='ltr'><strong>con·</strong></span> 
     </span>
     <span class='ocr_line' id='line_1_33' title="bbox 643 4055 3032 4137; baseline 0 -15"><span class='ocrx_word' id='word_1_281' title='bbox 643 4057 1001 4122; x_wconf 87' lang='lat' dir='ltr'><strong>funduntur</strong></span> <span class='ocrx_word' id='word_1_282' title='bbox 1048 4055 1300 4123; x_wconf 87' lang='lat' dir='ltr'><strong>litterae</strong></span> <span class='ocrx_word' id='word_1_283' title='bbox 1342 4065 1407 4121; x_wconf 78' lang='grc' dir='ltr'><strong>-Ψ</strong></span> <span class='ocrx_word' id='word_1_284' title='bbox 1456 4062 1521 4122; x_wconf 90' lang='lat' dir='ltr'><strong>et</strong></span> <span class='ocrx_word' id='word_1_285' title='bbox 1568 4067 1657 4132; x_wconf 89' lang='grc' dir='ltr'><strong>Λ,</strong></span> <span class='ocrx_word' id='word_1_286' title='bbox 1710 4057 1934 4137; x_wconf 82' lang='grc' dir='ltr'><strong><em>ψέγειν</em></strong></span> <span class='ocrx_word' id='word_1_287' title='bbox 1981 4065 2046 4124; x_wconf 88' lang='lat' dir='ltr'><strong>et</strong></span> <span class='ocrx_word' id='word_1_288' title='bbox 2091 4057 2299 4136; x_wconf 84' lang='grc' dir='ltr'><strong><em>λέγειν</em></strong></span> <span class='ocrx_word' id='word_1_289' title='bbox 2345 4059 2490 4124; x_wconf 83' lang='lat' dir='ltr'><strong>eim.</strong></span> <span class='ocrx_word' id='word_1_290' title='bbox 2539 4057 2752 4123; x_wconf 89' lang='lat' dir='ltr'><strong>Unum</strong></span> <span class='ocrx_word' id='word_1_291' title='bbox 2789 4078 3032 4124; x_wconf 85' lang='lat' dir='ltr'><strong>novum</strong></span> 
     </span>
     <span class='ocr_line' id='line_1_34' title="bbox 644 4162 3032 4250; baseline 0 -22"><span class='ocrx_word' id='word_1_292' title='bbox 644 4162 1010 4247; x_wconf 89' lang='lat' dir='ltr'><strong>exemplum</strong></span> <span class='ocrx_word' id='word_1_293' title='bbox 1060 4164 1433 4230; x_wconf 88' lang='lat' dir='ltr'><strong>adscribam.</strong></span> <span class='ocrx_word' id='word_1_294' title='bbox 1508 4162 1779 4250; x_wconf 83' lang='lat' dir='ltr'><strong>Legitur</strong></span> <span class='ocrx_word' id='word_1_295' title='bbox 1826 4163 1994 4250; x_wconf 91' lang='lat' dir='ltr'><strong>apud</strong></span> <span class='ocrx_word' id='word_1_296' title='bbox 2042 4163 2398 4230; x_wconf 90' lang='lat' dir='ltr'><strong>Lucianum</strong></span> <span class='ocrx_word' id='word_1_297' title='bbox 2445 4165 2623 4231; x_wconf 84' lang='lat' dir='ltr'><strong>Asin.</strong></span> <span class='ocrx_word' id='word_1_298' title='bbox 2671 4163 2792 4231; x_wconf 80' lang='lat'><strong>52:</strong></span> <span class='ocrx_word' id='word_1_299' title='bbox 2839 4163 3032 4244; x_wconf 76' lang='grc' dir='ltr'><strong><em>ἄγου-</em></strong></span> 
     </span>
     <span class='ocr_line' id='line_1_35' title="bbox 642 4267 3026 4351; baseline 0.001 -18"><span class='ocrx_word' id='word_1_300' title='bbox 642 4292 737 4334; x_wconf 87' lang='grc' dir='ltr'><strong>σιν</strong></span> <span class='ocrx_word' id='word_1_301' title='bbox 798 4267 955 4333; x_wconf 78' lang='grc' dir='ltr'><strong><em>ἔνδον</em></strong></span> <span class='ocrx_word' id='word_1_302' title='bbox 1021 4272 1165 4350; x_wconf 79' lang='grc' dir='ltr'><strong><em>παρ’</em></strong></span> <span class='ocrx_word' id='word_1_303' title='bbox 1232 4269 1341 4346; x_wconf 74' lang='grc' dir='ltr'><strong>ἐμὲ</strong></span> <span class='ocrx_word' id='word_1_304' title='bbox 1408 4272 1509 4334; x_wconf 81' lang='grc' dir='ltr'><strong>καὶ</strong></span> <span class='ocrx_word' id='word_1_305' title='bbox 1560 4272 1863 4349; x_wconf 76' lang='grc' dir='ltr'><strong><em>προσιέναι</em></strong></span> <span class='ocrx_word' id='word_1_306' title='bbox 1912 4296 1985 4336; x_wconf 85' lang='grc' dir='ltr'><strong>τε</strong></span> <span class='ocrx_word' id='word_1_307' title='bbox 2033 4273 2302 4344; x_wconf 75' lang='grc' dir='ltr'><strong><em>ἐκέλευον</em></strong></span> <span class='ocrx_word' id='word_1_308' title='bbox 2355 4271 2460 4337; x_wconf 79' lang='grc' dir='ltr'><strong>καὶ</strong></span> <span class='ocrx_word' id='word_1_309' title='bbox 2510 4271 2807 4351; x_wconf 84' lang='grc' dir='ltr'><strong><em>ψαύειν</em></strong></span> <span class='ocrx_word' id='word_1_310' title='bbox 2853 4271 3026 4348; x_wconf 77' lang='grc' dir='ltr'><strong><em>ἐμοῦ.</em></strong></span> 
     </span>
     <span class='ocr_line' id='line_1_36' title="bbox 640 4375 3029 4458; baseline 0.002 -18"><span class='ocrx_word' id='word_1_311' title='bbox 640 4375 796 4441; x_wconf 85' lang='lat' dir='ltr'><strong>Fuit</strong></span> <span class='ocrx_word' id='word_1_312' title='bbox 838 4375 1178 4442; x_wconf 88' lang='lat' dir='ltr'><strong>libidinosa</strong></span> <span class='ocrx_word' id='word_1_313' title='bbox 1224 4375 1497 4458; x_wconf 87' lang='lat' dir='ltr'><strong>mulier,</strong></span> <span class='ocrx_word' id='word_1_314' title='bbox 1546 4379 1651 4443; x_wconf 87' lang='lat' dir='ltr'><strong>cui</strong></span> <span class='ocrx_word' id='word_1_315' title='bbox 1697 4397 1822 4443; x_wconf 91' lang='lat' dir='ltr'><strong>non</strong></span> <span class='ocrx_word' id='word_1_316' title='bbox 1872 4383 2006 4444; x_wconf 88' lang='lat' dir='ltr'><strong>erat</strong></span> <span class='ocrx_word' id='word_1_317' title='bbox 2052 4380 2205 4444; x_wconf 82' lang='lat' dir='ltr'><strong>eatis</strong></span> <span class='ocrx_word' id='word_1_318' title='bbox 2243 4380 2467 4457; x_wconf 83' lang='grc' dir='ltr'><strong><em>ψαύειν</em></strong></span> <span class='ocrx_word' id='word_1_319' title='bbox 2506 4385 2572 4444; x_wconf 91' lang='lat' dir='ltr'><strong>et</strong></span> <span class='ocrx_word' id='word_1_320' title='bbox 2609 4379 2859 4444; x_wconf 84' lang='lat' dir='ltr'><strong>asinum</strong></span> <span class='ocrx_word' id='word_1_321' title='bbox 2884 4397 3029 4444; x_wconf 88' lang='lat' dir='ltr'><strong>con-</strong></span> 
     </span>
     <span class='ocr_line' id='line_1_37' title="bbox 642 4481 2334 4563; baseline 0.001 -15"><span class='ocrx_word' id='word_1_322' title='bbox 642 4487 911 4548; x_wconf 88' lang='lat' dir='ltr'><strong>trectare</strong></span> <span class='ocrx_word' id='word_1_323' title='bbox 928 4526 947 4562; x_wconf 86' lang='lat'><strong>,</strong></span> <span class='ocrx_word' id='word_1_324' title='bbox 993 4482 1102 4548; x_wconf 82' lang='lat' dir='ltr'><strong>sed</strong></span> <span class='ocrx_word' id='word_1_325' title='bbox 1146 4483 1275 4549; x_wconf 77' lang='lat' dir='ltr'><strong>frui</strong></span> <span class='ocrx_word' id='word_1_326' title='bbox 1321 4481 1601 4563; x_wconf 83' lang='lat' dir='ltr'><strong>volebat,</strong></span> <span class='ocrx_word' id='word_1_327' title='bbox 1652 4483 1773 4551; x_wconf 88' lang='lat' dir='ltr'><strong>hoc</strong></span> <span class='ocrx_word' id='word_1_328' title='bbox 1823 4489 1918 4551; x_wconf 86' lang='lat' dir='ltr'><strong>est</strong></span> <span class='ocrx_word' id='word_1_329' title='bbox 1967 4485 2334 4552; x_wconf 69' lang='grc' dir='ltr'><strong><em>ἀπολαύειν.</em></strong></span> 
     </span>
    </p>
   </div>
  </div>
 </body>
</html>
