3436 5161
605 322 691 388 30
1593 335 1991 386 naonowus.

603 506 870 572 modum
929 503 961 569 I
1007 503 1093 572 29
1142 503 1382 592 legitur
1427 505 1503 575 ὥς
1553 500 1811 574 ἕκαστος
1863 506 2063 567 αὐτῶν
2110 501 2483 578 ἀπικνέοιτο,
2533 523 2723 590 quem
2771 501 2983 570 locum

603 615 740 700 ipse
797 610 1035 679 attulit.
1125 610 1252 676 Hic
1313 631 1463 676 vero
1528 611 1603 681 ὥς
1669 608 1928 682 ἕκαστος
1994 630 2118 675 non
2181 611 2367 676 aliter
2422 611 2665 676 dictum
2736 609 2990 675 videtur

605 738 798 803 quam
842 717 877 784 I
931 717 1058 782 114
1104 723 1168 782 et
1213 717 1580 801 saepissime
1627 713 1800 782 alibi.
1867 715 2048 795 Quod
2091 737 2240 783 vero
2279 718 2510 782 attinet
2548 717 2626 782 ad
2670 717 2991 802 participii

605 825 952 910 praesentis
998 842 1108 907 pro
1157 823 1495 907 praeterito
1542 842 1694 897 usu,
1744 823 2111 906 saepissime
2161 829 2291 887 tam
2334 823 2501 908 apud
2527 825 2773 887 Atticos
2796 843 2988 907 quam

606 930 774 1018 apud
836 927 1234 994 Herodotum
1280 928 1689 1012 participium
1742 947 2032 1012 praesens
2079 929 2426 1012 reperitur,
2477 929 2587 993 ubi
2638 948 2851 994 sermo
2895 932 2991 992 est

607 1035 685 1101 de
745 1056 812 1100 re
867 1037 1117 1120 saepius
1162 1034 1431 1118 repetita
1477 1040 1542 1098 et
1589 1035 1961 1119 praesertim
2010 1033 2269 1117 quidem
2319 1035 2430 1099 ubi
2480 1054 2687 1099 mores
2734 1042 2797 1098 et
2842 1054 2991 1098 con-

605 1140 972 1206 suetudines
1035 1139 1515 1222 describuntur,
1575 1139 1809 1224 quibus
1871 1138 2028 1203 locis
2090 1159 2285 1224 paene
2346 1140 2645 1205 omnibus
2712 1136 2991 1206 Cobetns

605 1249 860 1312 restitui
921 1246 1100 1311 iubet
1161 1247 1466 1310 Aoristos.
1554 1242 1628 1309 Si
1697 1245 2145 1311 tantummodo
2229 1253 2526 1334 ageretur
2595 1245 2673 1310 de
2738 1243 2991 1311 levibus

607 1354 988 1438 quibusdam
1052 1351 1525 1436 discrepantiis‚
1592 1351 1658 1414 in
1722 1351 1953 1435 quibus
2016 1351 2195 1416 nulla
2258 1354 2513 1418 omnino
2560 1358 2656 1416 est
2702 1351 2989 1417 codicum

607 1461 986 1534 auetoritaS,
1053 1456 1234 1523 velut
1297 1459 1363 1520 in
1427 1456 1757 1521 scribendo
1822 1456 2131 1534 γενόμενοι
2198 1477 2309 1542 pro
2354 1456 2695 1535 γινόμενοι,
2745 1457 2992 1532 πιθόμε·

608 1589 688 1631 νοι
753 1585 865 1650 pro
929 1563 1299 1640 πειθόμενοι,
1368 1562 1674 1638 ταμόντες
1742 1583 1854 1648 pro
1901 1564 2275 1640 τάμνοντες,
2323 1561 2638 1642 Φυγόντες
2690 1583 2801 1649 pro
2839 1561 2995 1642 Φεύ·

607 1695 851 1749 γοντες,
923 1670 1194 1755 aliisque
1253 1668 1602 1746 eiusmodi,
1673 1670 1813 1733 viro
1878 1688 2131 1734 summo
2178 1668 2435 1754 obloqui
2481 1689 2605 1734 non
2654 1668 2952 1735 auderem
2974 1714 2992 1748 ,

608 1777 720 1844 sed
779 1797 905 1842 non
961 1779 1055 1840 ita
1108 1796 1240 1840 rem
1293 1783 1723 1858 comparat-am
1774 1795 1907 1840 esse
1954 1774 2267 1840 docebunt
2314 1775 2607 1861 exempla
2652 1773 2990 1854 nonnulla,

609 1903 647 1949 a
693 1902 959 1969 quorum
1013 1880 1396 1946 correctione
1445 1880 1718 1965 prudens
1767 1901 2033 1946 manum
2084 1881 2425 1957 abstinuit,
2484 1901 2562 1946 ex
2606 1884 2745 1967 ipso
2788 1881 2995 1948 Hero·

611 1989 760 2054 doto
807 1988 972 2054 mibi
1020 1985 1314 2060 collecta,
1368 2005 1652 2072 quaeque
1699 1985 1874 2051 facili
1920 1989 2179 2074 negotio
2228 1991 2446 2076 augeri
2499 1997 2793 2073 possunt:

703 2092 750 2158 Ι.
805 2093 936 2161 203
986 2097 1210 2174 Φύλλα
1264 2129 1345 2141 -—-
1395 2093 1481 2156 τοὶ
1530 2092 1981 2170 τρίβοντάς
2031 2118 2101 2158 τε
2142 2093 2247 2158 καὶ
2289 2095 2990 2174 παραμίσγοντας
3096 2081 3103 2086 “

618 2197 766 2280 ὕδωρ
817 2197 965 2278 ζώῖα
1012 2200 1242 2264 ἑωυτῶν
1289 2199 1350 2270 ἐς
1400 2198 1509 2270 την
1551 2198 1779 2271 ἐσθῆτα
1820 2199 2188 2279 ἐγγράφειν.
2242 2200 2401 2280 Quis
2436 2202 2775 2267 rescribere
2796 2202 2994 2267 aude-

615 2305 716 2372 bit
759 2305 1227 2386 τρίψαντάς
1278 2327 1349 2368 τε
1398 2302 1502 2368 καὶ
1551 2302 2244 2382 παραμίξανταςῗ

701 2411 780 2478 IL
847 2413 926 2476 41
997 2412 1292 2477 θάπτουσι
1339 2409 1402 2476 δὲ
1448 2411 1588 2482 τοὺς
1638 2413 2307 2486 ἀποθνήσκοντας
2357 2413 2509 2490 βοῦς
2559 2412 2776 2493 τρόπον
2821 2413 2990 2478 τόνδε

614 2523 678 2586 et
728 2521 796 2584 in
845 2518 1068 2585 eodem
1115 2520 1321 2605 capite
1367 2519 1538 2584 κατὰ
1586 2517 1801 2584 ταύτὰ
1848 2516 1911 2584 δὲ
1950 2527 2105 2585 τοῖσι
2140 2519 2321 2600 βουσὶ
2360 2519 2465 2587 καὶ
2508 2513 2725 2586 τᾶλλα
2764 2522 2993 2598 κτήνεα

615 2626 911 2693 θάπτουσι
970 2625 1609 2698 άποθνήσκοντα.

649 2818 654 2821 ¹
700 2731 814 2799 ΙΙΙ.
859 2732 945 2798 38
987 2732 1087 2796 ἐπὶ
1129 2730 1283 2811 κόσῳ
1324 2730 1400 2796 ἂν
1442 2734 1727 2812 χρήματι
1768 2730 2099 2809 βουλοίατο
2136 2733 2275 2806 τοὺς
2302 2734 2578 2813 πατέρας
2605 2733 2990 2807 άποθνήσ·

611 2862 796 2905 κοντ
816 2864 859 2905 α
879 2864 908 2912 ς
973 2839 1453 2903 κατασιτέεσθαι
1471 2857 1488 2915 ;
1555 2844 1616 2903 et
1677 2858 1828 2903 mox
1897 2840 1997 2903 ἐπὶ
2061 2840 2175 2905 τίνι
2240 2840 2521 2922 χρήματι
2586 2838 2863 2916 δεξαίατ’
2910 2839 2988 2904 ἄν

610 2969 648 3009 τ
667 2970 694 3009 ε
716 2960 755 3010 λ
776 2972 804 3010 ε
825 2970 857 3009 υ
875 2945 1008 3011 τέο
1026 2969 1055 3009 ν
1076 2968 1114 3009 τ
1129 2970 1172 3009 α
1191 2970 1218 3017 ς
1268 2942 1407 3016 τοὺς
1459 2943 1735 3023 πατέρας
1785 2948 2151 3009 κατακαίειν
2201 2947 2343 3025 πυρί
2360 2975 2381 3023 ;

699 3052 791 3117 II.
837 3051 964 3116 136
1003 3054 1186 3129 κοντῷ
1227 3050 1354 3128 γιὶρ
1398 3048 1541 3113 ὑπο
1561 3073 1598 3113 τ
1620 3051 1822 3114 ύπτο
1842 3077 1869 3114 ν
1890 3073 1975 3115 τε
1996 3076 2024 3123 ς
2068 3052 2127 3124 ές
2164 3054 2415 3130 λίμνην,
2460 3048 2498 3117 ὅ
2531 3077 2591 3117 τι
2618 3052 2989 3133 πρόσσχοιτο

610 3161 717 3222 τοῦ
767 3160 965 3229 πηλοῦ
1012 3158 1097 3237 τῷ
1147 3157 1332 3237 κοντῷ
1357 3206 1372 3231 ,
1423 3160 1603 3220 τοῦτο
1650 3180 1687 3218 σ
1710 3171 1858 3220 υλλ
1880 3156 1967 3233 έγ
1990 3182 2214 3227 οντες
2266 3160 2547 3230 πλίνθους
2587 3158 2828 3236 εἴρυσαν
2860 3160 2989 3223 κτέ.

695 3261 811 3328 III.
865 3262 993 3329 128
1040 3262 1410 3337 άπικόμενος
1464 3260 1524 3325 δὲ
1577 3261 1682 3324 καὶ
1736 3264 2015 3340 Ὀροίτεω
2065 3265 2123 3335 ἐς
2168 3264 2306 3343 ὄψιν
2346 3266 2524 3329 ἐλθὼν
2566 3271 2680 3330 τῶν
2722 3264 2991 3344 βιβλίων

607 3360 676 3432 ἓν
724 3364 980 3432 ἕκαστον
1030 3368 1696 3447 περιαιρέομενος
1750 3368 1941 3433 ἐδίδου
1990 3372 2094 3449 τῷ-
2122 3380 2603 3452 γραμματιστῇ.

707 3471 817 3539 ΙΙΙ.
875 3474 1000 3539 143
1048 3499 1099 3552 μ
1119 3499 1146 3538 ε
1163 3496 1203 3537 τ
1221 3498 1264 3539 α
1284 3500 1331 3539 π
1347 3500 1376 3539 ε
1395 3499 1445 3554 μ
1464 3498 1512 3540 π
1529 3478 1625 3552 όμ
1646 3500 1673 3540 ε
1695 3500 1725 3540 ν
1741 3499 1768 3540 ο
1787 3501 1816 3550 ς
1866 3473 1971 3541 ἕνα
2020 3473 2280 3541 ἕκαστον
2324 3512 2401 3524 —-
2432 3478 2743 3557 συνέλαβέ
2784 3485 2989 3559 σφεας

609 3580 716 3645 καὶ
765 3580 1067 3653 κατέδησε
1115 3580 1243 3646 κτὲ.

706 3685 817 3753 IV.
883 3685 972 3753 23
1034 3692 1214 3753 τοῦτο
1279 3687 1370 3773 (τὸ
1419 3686 1622 3776 ἄσχυ)
1675 3686 1779 3753 καὶ
1829 3689 2109 3768 λείχουσι
2157 3693 2263 3753 καὶ
2310 3688 2597 3766 γάλακτι
2646 3690 2988 3766 συμμίσ-

607 3817 654 3870 γ
673 3816 701 3857 ο
720 3818 748 3857 ν
766 3817 806 3858 τ
824 3818 853 3857 ε
869 3816 899 3863 ς
947 3794 1203 3860 πίνουσι.

698 3897 826 3963 Ubi
893 3919 1040 3964 vero
1101 3899 1542 3965 huiuscemodi
1606 3882 1861 3966 exs'tant
1920 3900 2242 3986 exempla,
2308 3904 2509 3966 satius
2554 3904 2674 3967 erit
2722 3922 2986 3967 manum

610 4005 926 4070 abstinere
989 4025 1026 4069 a
1085 4004 1274 4081 locis,
1343 4006 1549 4090 qualis
1613 4006 1717 4071 bic
1768 4012 1861 4071 est
1912 4005 2012 4091 (V.
2067 4007 2136 4092 4)
2184 4008 2353 4072 κατὰ
2406 4007 2468 4071 δὲ
2517 4010 2619 4072 τὸν
2665 4007 2846 4085 γινό
2862 4031 2989 4084 με-

610 4110 741 4173 νόν
801 4118 917 4188 σφι
981 4110 1085 4173 καὶ
1153 4110 1743 4188 ἀπογινόμενον
1806 4117 2037 4177 ποιεῦσι
2104 4113 2304 4177 τοιάδε
2337 4136 2350 4147 ·
2426 4114 2527 4177 τὸν
2599 4116 2713 4189 μὲν
2774 4114 2986 4191 γινό-

615 4238 851 4291 μενον
913 4214 1310 4296 περιιζόμενοι
1371 4218 1422 4281 οἱ
1481 4218 1875 4295 προσήκοντες
1948 4219 2349 4297 ὀλοφύρονται
2418 4255 2501 4267 -
2570 4219 2669 4284 τὸν
2732 4217 2782 4282 δ’
2833 4220 2986 4283 oin-o-

616 4344 660 4397 γ
684 4344 702 4385 ι
722 4320 797 4385 νό
813 4345 958 4397 μεν
979 4344 1005 4385 ο
1027 4346 1056 4383 ν
1119 4321 1440 4402 παίζοντές
1495 4348 1564 4387 τε
1630 4324 1735 4389 καὶ
1790 4323 2061 4400 ἡδόμενοι
2109 4334 2195 4409 γῇ
2246 4324 2593 4405 κρύπτουσι.
2664 4324 2785 4391 Sed
2831 4326 2989 4393 haee

609 4427 867 4515 quidem
916 4427 1240 4495 hactenus.
