3436 5161
1328 390 1590 440 oAssms
1637 392 1766 441 mo.
2605 373 2736 440 319

340 552 587 640 legium
638 552 1071 642 colligendum
1114 558 1457 639 supererat.
1524 553 1822 620 Indicabo
1866 554 2036 621 locos
2073 557 2381 641 quosdam
2425 557 2739 642 insignio-

342 681 478 738 res,
526 662 634 746 qui
683 663 751 724 in
798 661 1011 726 codice
1052 661 1451 726 emendatius
1488 663 1705 745 scripti
1746 667 1894 726 sunt
1934 682 2127 746 quam
2169 665 2234 726 in
2261 663 2494 728 nostris
2517 661 2740 727 editio·

340 767 533 832 nibus
576 765 917 854 leguntur,
968 768 1103 832 sive
1148 764 1437 852 neglecta
1484 767 1611 831 fuit
1657 766 1892 833 codicis
1938 765 2130 833 lectio
2176 769 2311 834 sive
2356 772 2584 854 spreta.

433 945 509 1011 L.
575 945 697 1030 ¹78,
748 945 827 1021 6,
880 946 942 1011 5.
1014 947 1281 1028 Τοιούτῳ
1337 948 1452 1024 μὲν
1498 947 1663 1012 τέλει
1715 948 2027 1028 ἐχρήσατο
2073 949 2247 1026 βιούς
2294 973 2365 1012 τε
2415 947 2521 1023 ἔτη
2569 946 2739 1013 ἐννέα

346 1053 451 1117 καὶ
515 1051 699 1118 εἴκοσι
764 1056 869 1116 καὶ
938 1051 1167 1132 ἡμέρας
1236 1050 1583 1136 τέσσαρας,
1642 1063 1720 1134 τῇ
1767 1055 1897 1133 γάρ
1943 1053 2214 1134 τετάρτη
2265 1058 2372 1118 τοῦ
2420 1054 2738 1132 ’Λπριλίου

346 1157 712 1236 ἐγεγέννητο
776 1181 831 1222 κ.
862 1180 920 1221 τ.
950 1171 1010 1221 λ.
1084 1155 1337 1223 Codicis
1384 1157 1722 1226 lectionem
1775 1169 1852 1240 τῇ
1900 1161 2028 1240 γάρ
2075 1158 2324 1240 τετράδι
2373 1163 2480 1223 τοῦ
2529 1163 2738 1238 Ἀπρι-

345 1265 477 1330 λίου
538 1269 956 1330 mutaverunt
1019 1263 1291 1329 editores
1352 1285 1571 1331 omnes
1632 1268 1701 1329 in
1761 1265 2068 1351 τετάρτη,
2131 1266 2368 1332 iniuria
2428 1269 2504 1330 ut
2569 1264 2736 1329 mihi

344 1369 601 1455 quidem
656 1368 931 1434 videtur.
994 1368 1241 1434 Notum
1289 1377 1387 1436 est
1432 1375 1816 1456 quantopere
1856 1373 2217 1437 Atticorum
2260 1369 2558 1456 loquendi
2597 1390 2739 1435 con-

344 1475 751 1540 suetudinem
816 1475 1111 1540 imitatus
1170 1478 1257 1540 sit
1317 1474 1476 1553 Dio,
1538 1496 1730 1560 quem
1781 1475 2124 1564 diligenter
2169 1482 2234 1542 et
2279 1477 2628 1542 enuntiatis
2675 1481 2740 1540 et

344 1583 557 1648 verbis
618 1583 873 1647 rarioris
922 1586 985 1646 et
1032 1583 1463 1666 exquisitioris
1510 1603 1667 1647 usus
1712 1581 2160 1669 Thucydidem
2207 1583 2578 1666 praesertim
2627 1602 2737 1645 ex-

342 1689 663 1772 presserit.
736 1688 941 1752 Attici
988 1692 1203 1752 sutem
1247 1695 1548 1772 quartum
1588 1687 1762 1754 diem
1801 1687 2073 1768 τετράδα
2107 1688 2418 1754 vocabant
2457 1693 2531 1752 ut
2569 1685 2736 1772 apud

340 1792 835 1879 Aristophanem
884 1799 979 1858 est
1029 1799 1179 1859 noto
1226 1793 1541 1858 versiculo
1565 1841 1582 1871 ,
1634 1793 1810 1859 Plut.
1861 1792 2036 1860 1126

704 1896 861 1974 οἴμοι
910 1903 1296 1969 πλακοῦντος
1343 1903 1451 1962 τοῦ
1500 1903 1551 1964 ’ν
1597 1899 1844 1980 τετράδι
1895 1897 2300 1975 πεπεμμένου

344 2011 409 2070 et
452 2003 621 2070 Nub.
678 2002 847 2070 1131
1610 2085 1616 2092 .

705 2109 1005 2194 πέμπτη,
1050 2109 1311 2187 τετράς,
1357 2112 1567 2191 τρίτη,
1618 2111 1790 2189 μετὰ
1837 2109 2074 2186 ταύτην
2122 2109 2376 2190 δευτέρα

344 2219 407 2280 et
468 2214 635 2299 apud
698 2213 1143 2302 Thucydidem
1206 2215 1421 2301 ipsum
1494 2216 1534 2281 5
1557 2265 1575 2301 ,
1648 2217 1736 2280 54
1805 2215 2050 2294 τετράδι
2123 2217 2455 2296 Φθίνοντος.
2539 2213 2734 2280 Hunc

340 2320 549 2407 igitur
608 2319 859 2385 dicendi
922 2341 1112 2385 nsum
1181 2327 1441 2386 secutus
1486 2320 1609 2387 Dio
1655 2324 1980 2406 scripsisse
2026 2319 2288 2388 videtur
2331 2329 2408 2402 τῇ
2458 2320 2584 2400 γάρ
2629 2345 2733 2385 τε-

341 2424 515 2505 τράδι
562 2430 669 2491 τοῦ
724 2425 1041 2505 Ἀπριλίου
1092 2425 1479 2505 ἔγεγέννητο.

436 2606 506 2674 Ο.
562 2608 683 2687 12,
734 2607 807 2675 2:
855 2609 1069 2675 πολλοὶ
1118 2608 1221 2675 καὶ
1270 2610 1489 2689 ἀγαθὰ
1538 2615 1663 2679 τοῖς
1712 2608 1929 2680 ἄλλοις
1977 2608 2302 2689 άνθρώποις
2365 2609 2730 2674 ὑπετείνατο

344 2712 399 2799 (ὅ
464 2715 831 2801 Μακρῖνος),
904 2716 1045 2789 τούς
1116 2740 1186 2779 τε
1248 2716 1346 2779 ἐπ’
1412 2715 1680 2799 ἀσεβείᾳ
1732 2714 1852 2781 τινί
1885 2752 1950 2763 -—
1987 2714 2281 2796 τιμωρίαν
2329 2714 2468 2779 τινὰ
2515 2712 2732 2792 ἔμβιον

345 2819 720 2902 ὠφληκότας
763 2821 1157 2900 ἀπαλλάξας
1202 2828 1313 2895 τῆς
1356 2822 1736 2907 καταδίκης,
1775 2858 1838 2869 -
1876 2822 1980 2886 καὶ
2018 2821 2122 2886 τὸν
2154 2821 2529 2899 Λύρηλίανον
2567 2818 2729 2895 ἐξαι-

342 2928 603 3001 τηθέντα
670 2928 775 2993 ὑπ’
839 2929 1039 2993 αὐτῶν
1096 2936 1239 3009 (τῶν
1286 2929 1700 3015 στρατιωτῶν)
1730 2974 2067 2994 ........
2115 2950 2364 2993 τατον
2412 2928 2625 3006 σφίσιν
2674 2928 2733 2991 ἐν

343 3040 615 3105 πολλαῖς
666 3034 1021 3113 στρατείαις
1071 3043 1213 3107 ταῖς
1265 3034 1514 3113 πρόσθεν
1558 3033 1868 3114 γεγονότα
1912 3032 2453 3113 παραιτησάμενος
2494 3036 2572 3105 ὦς
2613 3034 2732 3114 οὐχ

342 3137 501 3205 ὅσιον
565 3138 627 3205 ὃν
684 3140 1025 3220 βουλευτήν
1081 3164 1221 3205 τινα
1287 3142 1669 3205 άποκτεῖναι.
1765 3137 1978 3206 Codex
2045 3139 2247 3205 claro:
2278 3186 2476 3205 .....
2543 3162 2732 3205 τατον

343 3248 596 3327 σφίσιν,
650 3247 818 3312 unde
872 3267 1032 3332 quae
1094 3246 1382 3333 syllabae
1427 3252 1571 3313 ante
1612 3269 1803 3310 τατον
1851 3248 2172 3331 perierunt
2219 3243 2406 3311 facile
2451 3244 2733 3332 suppleri

344 3358 627 3440 possunt.
704 3350 973 3439 Scripsit
1019 3352 1143 3418 Dio
1190 3350 1299 3417 ἆτ’
1349 3350 1864 3436 ἀπεχθέστατον,
1908 3349 2077 3436 quod
2117 3351 2408 3417 Bekkero
2445 3372 2729 3437 quoque,

351 3479 715 3548 quanquam
763 3459 1053 3524 lectionis
1097 3482 1313 3523 -τατον
1358 3459 1585 3546 ignaro
1604 3504 1620 3537 ‚
1670 3461 1739 3522 in
1784 3464 2069 3523 mentem
2117 3459 2364 3523 venisse
2409 3457 2618 3523 video.

436 3638 592 3725 Gap.
650 3638 737 3705 22
792 3660 1023 3706 nomen
1062 3639 1455 3726 proconsulis
1500 3642 1862 3725 provinciae
1909 3640 2098 3705 Asiae
2147 3657 2474 3724 perperam
2521 3638 2734 3703 editur

342 3746 590 3813 Festus.
656 3745 728 3810 In
775 3745 987 3811 codice
1032 3748 1071 3830 ξ
1116 3745 1158 3809 2
1208 3746 1511 3811 scribitur
1560 3754 1794 3819 Φῆστος
1847 3744 1875 3809 ὃ
1922 3746 2219 3821 Ἀνίκιος,
2272 3748 2338 3809 st
2383 3744 2420 3827 ᾗ
2468 3743 2509 3806 4
2555 3741 2726 3807 idem

346 3856 629 3923 Φαῦστος
674 3850 877 3916 audit.
947 3850 1213 3916 Rectius
1258 3850 1415 3917 hocz
1464 3857 1559 3916 est
1606 3852 1778 3917 enim
1831 3849 1903 3930 Q.
1956 3851 2224 3916 Anicius
2269 3848 2581 3926 Faustus,
2626 3848 2730 3914 vel

340 3978 421 4025 ex
460 3956 673 4023 titulis
712 3956 1027 4021 Africanis
1074 3956 1189 4041 (cf.
1230 3976 1285 4021 e.
1321 3978 1387 4043 g.
1425 3955 1695 4040 Renier,
1738 3956 1823 4023 5¹7
1850 3960 1915 4021 et
1939 3952 2026 4019 63
2049 3953 2508 4031 =Wi1msns‚
2555 3951 2729 4018 1475

341 4068 409 4131 et
460 4061 663 4142 1480;
714 4062 794 4129 cf.
844 4058 914 4127 G.
964 4061 1019 4126 1.
1072 4061 1141 4125 L.
1194 4060 1290 4127 111
1342 4059 1552 4146 1685,
1608 4060 1809 4147 1686)
1859 4062 2014 4127 satis
2060 4065 2268 4126 notus.

435 4256 507 4325 Ο.
552 4256 661 4339 23,
704 4261 777 4326 l:
821 4262 855 4336 ἦ
898 4259 961 4325 δὲ
1000 4260 1232 4325 Ἰουλία
1286 4262 1319 4335 η
1367 4264 1476 4325 τοῦ
1524 4260 1856 4340 Ταραύτου
1905 4260 2107 4338 μήτηρ
2155 4256 2352 4340 ἔτυχε
2397 4257 2512 4334 μὲν
2553 4260 2614 4323 ἐν
2649 4268 2726 4341 τῇ

340 4366 700 4449 ’Δντιοχείςι
748 4360 899 4430 οὖσα
920 4412 937 4443 ,
987 4366 1090 4430 καὶ
1136 4363 1287 4431 οὕτω
1334 4371 1738 4447 παραχρῆμα
1784 4362 1930 4443 ἅμα
1967 4374 2043 4447 τῇ
2084 4364 2308 4429 πύστει
2331 4369 2438 4429 τοῦ
2465 4362 2729 4431 θανάτου

342 4472 535 4537 αὐτοῦ
584 4470 811 4544 διετέθη
860 4468 1017 4537 ὥστε
1066 4470 1171 4536 καὶ
1213 4468 1569 4547 πλήξασθαι
1610 4472 1874 4554 ἰσχυρῶς
1916 4470 2020 4537 καὶ
2059 4471 2556 4553 ἀποκαρτερῆσαι
2597 4472 2728 4535 ἑπι-
