3436 5161
631 396 718 464 58
1631 411 2032 462 monemus.

623 581 828 664 ζοντες
883 585 1154 660 Ἔρωτες
1215 584 1266 647 οἱ
1333 583 1443 658 μὲν
1493 579 1866 662 Ἀφροδίτην
1914 580 2385 664 θεραπεύοντες,
2440 581 2490 644 οί
2537 578 2601 644 δὲ
2650 578 3012 651 ἱππεύοντες

629 686 959 767 ἀναβάται
1011 689 1294 770 ςρουθοῒς.

719 900 771 965 Ι.
836 899 952 966 25:
1024 899 1508 979 ὑποκρητηρίδιον
1571 899 1943 977 σιδήρεον
2009 896 2458 972 κολλητόν·
2520 896 2665 985 lege
2712 897 3019 979 σιδηρο-

631 1007 1056 1082 κόλλητον.
1103 1007 1183 1073 cf.
1235 1009 1461 1072 Mnem.
1510 1004 1672 1072 XVI
1715 1003 1871 1070 204.

718 1220 1029 1308 Legimus
1092 1219 1121 1284 I
1171 1217 1258 1285 27
1307 1216 1611 1285 Croesum
1662 1217 1867 1297 κάρτα
1924 1219 2174 1294 ἡσθῆναι
2223 1219 2307 1298 τῷ
2356 1217 2738 1297 ἐπιλόγῳ.
2812 1216 3020 1283 Fabu-

629 1327 762 1392 lam
811 1326 960 1392 Bias
1003 1329 1286 1392 narrarat
1335 1332 1398 1390 et
1445 1324 1654 1390 multo
1693 1324 1928 1390 melius
1975 1323 2443 1411 intelligerem:
2486 1324 2567 1404 τῷ
2609 1328 2651 1389 ἀ
2672 1338 2821 1389 πολ
2841 1322 3017 1404 drgo.

725 1535 917 1603 Solon
964 1537 995 1602 I
1042 1536 1128 1602 29
1174 1535 1540 1614 ἀπεδήμησε
1577 1533 1724 1600 ἔτεα
1761 1533 1913 1601 δέκα
1954 1535 2168 1601 κατὰ
2208 1536 2442 1617 θεωρίης
2485 1533 2815 1617 πρόφασιν.
2860 1533 3019 1601 Dele

629 1645 1160 1730 praepositionem
1210 1642 1378 1708 κατά
1401 1690 1416 1719 ,
1467 1643 1660 1708 sicuti
1706 1647 1876 1708 recte
1921 1641 2165 1730 legitur
2209 1663 2286 1708 ex
2332 1643 2603 1709 Homeri
2656 1643 3018 1708 imitatione

631 1748 686 1815 V
737 1748 858 1815 33:
907 1749 1108 1814 ἔπλωε
1157 1747 1466 1830 πρόφασιν
1515 1745 1618 1814 ἐπ’
1670 1749 2153 1824 Ἑλλήσποντον.

723 1959 892 2025 Mire
941 1956 1210 2025 Croesus
1259 1957 1556 2025 Solonem
1601 1961 2025 2046 interrogasse
2072 1959 2308 2025 dieitur
2354 1961 2387 2025 Ι
2435 1960 2559 2038 30,
2628 1959 2687 2026 εἴ
2728 1983 2869 2024 τινα
2910 1959 3017 2035 ἤδη

629 2064 879 2130 παντων
925 2059 1048 2130 εἶδε
1097 2064 1635 2143 ὀλβιώτατον.
1683 2065 1984 2149 Repono:
2026 2065 2311 2143 ὄλβιον
2349 2063 2579 2146 οὕτω,
2621 2069 2813 2133 sicuti
2851 2071 3020 2132 recte

632 2170 935 2236 scribitur
981 2169 1076 2235 III
1122 2170 1242 2236 35:
1296 2170 1439 2235 τίνα
1487 2169 1596 2247 ἤδη
1641 2165 1802 2241 εἶδες
1849 2169 2096 2236 πάντων
2147 2169 2465 2252 ἀνθρώπων
2511 2170 2661 2239 οὕτω
2711 2173 3019 2239 ἐπίσκοπα

634 2275 1005 2353 τοξεύοντας

723 2491 1074 2576 Postquam
1115 2490 1426 2556 Adrastus
1473 2486 1686 2556 Croesi
1726 2489 1933 2556 filium
1972 2489 2293 2556 interfecit
2332 2490 2361 2557 I
2389 2491 2473 2556 43
2492 2538 2507 2568 ,
2552 2493 2773 2557 statim
2802 2511 3021 2558 excur-

629 2599 716 2662 rit
778 2600 988 2663 nescio
1038 2599 1179 2683 quis
1223 2596 1451 2663 Sardes
1498 2596 1608 2671 τήν
1655 2622 1725 2663 τε
1776 2597 2062 2677 μάχην
2112 2597 2215 2661 καὶ
2266 2599 2368 2663 τὸν
2413 2602 2519 2663 τοῦ
2570 2596 2784 2670 παιδὸς
2838 2596 3015 2677 μόρον

631 2702 893 2779 ἐσήμηνέ
934 2706 1005 2770 οἱ.
1055 2702 1180 2769 Sed
1218 2724 1434 2791 pugna
1474 2705 1569 2768 ibi
1605 2702 1788 2769 nulla
1826 2702 2065 2768 fuerat:
2110 2724 2189 2767 an
2213 2705 2632 2769 rescribemus
2655 2700 3019 2779 πλαίνηνῗ

722 2916 818 2983 De
862 2936 1021 2982 urna
1058 2935 1249 2981 aurea
1286 2936 1479 3000 quam
1521 2912 1790 2981 Croesus
1828 2916 2109 3001 Delphos
2145 2920 2443 2994 miserat,
2486 2916 2767 3003 legimus
2814 2915 2849 2980 Ι
2890 2916 3015 2981 51:

628 3021 1098 3103 ἐπιγέγραπται
1161 3021 1660 3098 Λακεδαιμονίων
1724 3022 2107 3103 φαμένων
2172 3018 2387 3088 εἶναι
2452 3020 2836 3097 ἀνάθημα
2908 3022 3015 3087 οὐκ

629 3132 798 3209 ὀρθῶς
873 3131 1294 3207 λέγοντες.
1403 3126 1633 3192 Infelix
1707 3136 1801 3193 est
1870 3128 2192 3215 Madvigii
2266 3129 2540 3212 suspicio
2612 3130 2679 3191 in
2749 3126 3014 3192 Advers.

627 3258 688 3322 p.
757 3232 887 3299 313
954 3236 1064 3318 qui
1113 3236 1360 3316 reponit
1404 3232 1685 3311 φάμενον
1734 3240 1797 3298 et
1846 3234 2051 3311 λέγον.
2124 3233 2363 3299 Melius
2411 3240 2578 3298 certe
2624 3230 2902 3298 Cobetus
2946 3233 3014 3296 in

627 3340 844 3405 Variis
907 3339 1313 3405 Lectionibus
1370 3360 1433 3422 p.
1497 3338 1734 3402 40s=
1760 3340 1983 3405 Mnem.
2042 3340 2244 3405 XXII
2296 3337 2379 3405 77
2392 3389 2405 3415 ‚
2459 3338 2782 3404 contendit
2829 3358 3017 3422 quae-

625 3447 774 3511 dam
841 3445 1069 3510 lacuna
1132 3448 1428 3510 absumta
1488 3466 1621 3510 esse
1685 3449 1902 3531 itaque
1952 3445 2241 3530 supplet:
2293 3445 2758 3524 ἐπιγέγραπται
2807 3456 3015 3509 Λακε-

627 3553 992 3629 δαιμονίων·
1049 3552 1177 3635 (διοὶ
1227 3552 1290 3616 δὲ
1335 3551 1573 3624 ταύτην
1623 3552 1982 3633 ἐπιγραφὴν
2035 3553 2276 3629 Δελφοὶ
2330 3551 2835 3625 Λακεδαιμονίων
2881 3556 3014 3629 φα-

626 3658 745 3737 σὶν)
799 3654 951 3721 εἶναι
999 3656 1292 3733 ἀνάθημα
1341 3658 1446 3720 οὐκ
1495 3658 1666 3735 ὀρθῶς
1720 3656 2031 3733 λέγοντες.
2104 3655 2285 3735 Quod
2333 3660 2399 3722 in
2449 3658 2663 3723 oculos
2705 3658 3013 3739 incurrit,

623 3768 836 3828 narrat
882 3762 1244 3828 Herodotus
1292 3782 1450 3847 quae
1493 3766 1628 3847 ipse
1671 3762 1933 3846 Delphis
1977 3762 2305 3828 audiverat
2349 3770 2413 3828 et
2434 3766 2500 3827 in
2529 3764 2765 3850 vulgus
2788 3769 3012 3826 notum

621 3876 754 3933 erat
817 3870 1293 3953 inscriptionem
1355 3867 1524 3932 mala
1571 3867 1792 3932 fraude
1848 3870 2239 3952 suppositam
2291 3868 2508 3933 fuisse.
2576 3867 2749 3932 Hinc
2798 3867 3015 3933 addit:

621 3974 710 4043 ἕςι
776 3975 904 4051 γὰρ
968 3974 1072 4037 καὶ
1131 3978 1309 4037 τοῦτο
1364 3974 1644 4050 Κροίσου,
1695 3974 2021 4053 ἐπέγραψε
2070 3972 2134 4037 δὲ
2182 3980 2297 4037 τῶν
2347 3998 2440 4046 τις
2492 3980 2758 4051 Δελφῶν
2809 3983 3013 4038 Λακε-

620 4081 971 4157 δαιμονίοισι
1034 4078 1408 4155 βουλόμενος
1473 4078 1879 4159 χαρίζεσθαι,
1931 4084 2039 4143 τοῦ
2088 4077 2453 4153 ἔπιε-άμενος
2508 4080 2577 4143 τὸ
2628 4077 2857 4153 οὔνομα
2905 4078 3014 4143 οὐκ

618 4188 1058 4263 ἐπιμνήσομαι.
1153 4184 1295 4250 Non
1373 4186 1788 4268 perhibebant
1862 4184 2096 4271 Delphi
2169 4184 2812 4250 Lacedaemoniorum
2881 4205 3016 4249 esse

615 4293 946 4358 donarium
969 4340 985 4369 ‚
1053 4312 1200 4357 nam
1267 4292 1696 4356 mussitabant
1758 4293 1953 4356 etiam
2003 4294 2170 4355 inter
2218 4312 2283 4356 se
2331 4312 2558 4355 nomen
2609 4293 2781 4369 eius,
2830 4294 3013 4355 cuius

613 4398 984 4483 turpissima
1037 4398 1210 4462 fraus
1257 4396 1424 4461 male
1471 4396 1733 4461 latebat.
1807 4394 1982 4461 Haec
2026 4416 2216 4461 causa
2259 4404 2393 4474 est,
2440 4417 2553 4461 cur
2592 4398 2807 4460 minus
2846 4396 3011 4461 mihi

611 4505 819 4589 placet
881 4501 1104 4570 Cobeti
1168 4502 1710 4588 supplementum.
1804 4502 2030 4568 Potius
2094 4502 2365 4568 dixerim
2433 4502 2816 4588 interpolata
2878 4522 3011 4567 esse
