3436 5161
694 377 832 444 294
1770 396 2014 448 mono.

781 563 1011 627 Ponere
1069 565 1138 626 in
1199 562 1388 627 rebus
1450 562 1915 651 chronologicis
1981 564 2219 629 dicitur
2264 564 2342 630 de
2390 565 2471 629 iis
2490 613 2507 648 ,
2555 565 2634 630 de
2678 566 2911 650 quibus
2954 586 3085 632 non

692 673 970 745 constat,
1029 668 1139 734 sed
1198 687 1358 752 quse
1417 671 1893 754 computatione
1950 670 2229 754 quadam
2280 672 2584 737 constitui
2627 677 2913 757 possunt.
2986 671 3084 738 De

689 775 880 838 initio
939 772 1399 861 Olympiadum
1421 823 1438 858 ,
1507 795 1686 840 aerae
1746 775 2039 863 vulgaris
2056 826 2075 861 ,
2122 777 2451 842 constabat
2497 779 2667 842 inter
2708 798 2967 872 omnes,
3014 784 3085 843 et

691 900 772 945 ex
831 899 904 944 eo
968 879 1251 967 Lycurgi
1315 882 1548 945 veteris
1597 887 1770 946 aetas
1817 883 2310 968 computabatur
2354 885 2569 969 potius
2614 904 2806 968 quam
2852 905 2932 950 ex
2976 887 3079 950 in-

689 991 860 1052 certo
919 985 1206 1074 Lycurgi
1269 1006 1464 1072 regno
1523 989 1893 1052 certaminis
1940 986 2267 1075 Olympici
2314 993 2517 1077 orig-o.
2586 991 2817 1055 Ponere
2857 997 3073 1056 sutem

689 1090 1075 1178 Olympiada
1120 1111 1233 1176 pro
1274 1094 1614 1158 instituere
1655 1099 1977 1158 certamen
2018 1092 2433 1181 Olympicum
2476 1115 2600 1160 non
2642 1103 2741 1160 est
2778 1095 3073 1162 latinum.

687 1195 900 1262 Sensit
937 1196 1190 1275 Maius,
1233 1196 1404 1262 male
1443 1203 1660 1263 tanen
1701 1218 1947 1264 morem
1989 1203 2426 1285 antiquiorum
2466 1203 2885 1286 interpretum
2922 1222 3075 1287 quo-

687 1303 958 1368 rundam
1005 1309 1298 1386 secutus,
1345 1305 1456 1388 qui
1505 1309 1580 1367 ut
1625 1303 1795 1368 mule
1840 1305 2037 1370 latine
2084 1307 2323 1391 scripta
2366 1305 2705 1373 defendant
2740 1308 2823 1373 sd
2858 1310 3079 1392 peiora

687 1406 930 1476 Grsecs
975 1413 1336 1493 provocant.
1407 1407 1577 1475 Nam
1621 1410 1849 1474 τιθέναι
1902 1413 2121 1489 ἀγῶνα
2166 1414 2293 1477 nisi
2344 1419 2573 1490 πρῶτον
2620 1412 2847 1490 addus,
2896 1411 3074 1480 uliud

686 1522 815 1593 est3
879 1514 947 1579 id
1008 1512 1199 1579 fiebat
1257 1517 1485 1599 quevis
1547 1513 1951 1603 Olympiade.
2040 1516 2299 1602 Optime
2362 1537 2653 1584 caremus
2714 1517 2897 1602 pls-ue
2956 1515 3075 1584 illo

689 1618 996 1686 vocabulo
1030 1619 1261 1703 ρωίιας
1313 1625 1610 1701 „centum
1651 1628 1718 1686 et
1758 1629 1899 1688 octo
1940 1625 2121 1688 annis
2160 1631 2303 1710 post
2340 1623 2720 1712 Lycurgum
2752 1631 2840 1688 est
2860 1627 3075 1708 primu

687 1723 1056 1813 Olympia?
1117 1733 1287 1792 recte
1347 1726 1616 1803 dicitur3
1683 1727 1761 1791 cf.
1828 1727 1931 1792 vel
1986 1731 2054 1794 in
2100 1731 2337 1795 vicinis
2382 1730 2577 1794 huius
2624 1729 2784 1796 loci:
2838 1732 3075 1814 „ceteri

686 1834 902 1897 minus
949 1830 1216 1896 eruditis
1263 1831 1532 1897 saeculis
1577 1831 1907 1910 fuerunt’';
1960 1833 2265 1911 „Romuli
2310 1838 2607 1902 aetatem
2627 1835 2731 1900 his
2770 1839 3073 1900 sescentis

687 1939 868 2002 suuis
905 1923 1124 2002 ‘fuisse
1182 1937 1482 2002 scimus”.
1573 1937 1769 2026 Origo
1842 1938 2133 2005 lectionis
2198 1941 2352 2005 haec
2424 1961 2557 2006 esse
2625 1941 2917 2007 videtur:
2990 1942 3071 2006 ad

685 2060 1022 2118 ros-romu
1065 2043 1454 2128 adscriptum
1505 2061 1749 2110 possm
1768 2091 1785 2123 ‚
1826 2052 1901 2110 ut
1936 2047 2361 2134 corrigeretur
2388 2055 2775 2132 posteaquam
2795 2095 2815 2131 ,
2862 2046 3072 2113 alieno

683 2149 824 2215 loco
884 2151 1194 2214 insertum
1253 2150 1318 2220 in
1367 2166 1594 2216 roem
1642 2158 1969 2216 mutatum
2018 2159 2133 2218 est.
2206 2152 2507 2219 Ceterum
2554 2153 2711 2219 haec
2754 2174 3066 2219 annorum

684 2257 1074 2342 compute-tio
1122 2262 1290 2321 recte
1341 2256 1573 2321 tradita
1619 2263 1714 2322 est
1735 2306 1752 2340 ,
1802 2265 1867 2322 et
1906 2261 2202 2324 convenit
2240 2259 2407 2344 quod
2445 2259 2523 2324 de
2562 2258 2828 2326 Romuli
2864 2266 3071 2325 morte

685 2364 843 2428 dicit
903 2364 940 2448 ᾖ
991 2360 1073 2428 17
1137 2383 1285 2427 cum
1349 2361 1486 2427 loco
1551 2363 1630 2426 de
1685 2361 1877 2427 Ennii
1935 2364 2151 2450 eclipsi
2200 2386 2361 2450 quse
2413 2365 2541 2431 fuit
2586 2371 2653 2431 8⁰
2700 2365 2834 2431 400
2852 2415 2869 2446 ,
2922 2367 3067 2432 Iun.

684 2469 809 2553 21,
871 2467 1176 2534 Romanis
1238 2467 1380 2532 Iun.
1439 2467 1500 2532 5.
1571 2467 1668 2534 De
1713 2489 1839 2553 qus
1886 2466 2110 2535 Cicero
2158 2469 2208 2536 l.
2260 2469 2379 2535 25:
2446 2477 2679 2557 „utque
2723 2472 2843 2538 hec
2889 2475 2957 2536 in
3002 2494 3073 2538 re

681 2583 859 2643 tanta
914 2577 1080 2641 inest
1144 2577 1305 2640 ratio
1368 2582 1556 2660 atque
1617 2573 1935 2653 sollertis,
1999 2582 2073 2641 ut
2128 2596 2209 2643 ex
2264 2577 2383 2643 hoc
2430 2577 2531 2643 die
2586 2616 2659 2627 --
2711 2580 3067 2665 superiores

681 2682 834 2747 solis
895 2681 1278 2745 defectiones
1336 2687 1666 2764 reputatae
1724 2684 1853 2745 sint
1922 2702 2119 2766 usque
2192 2683 2273 2747 sd
2342 2682 2564 2768 illm,
2634 2705 2796 2769 quae
2862 2686 3065 2750 Nonis

682 2785 1112 2868 Quinctilibus
1173 2786 1298 2849 fuit
1355 2792 1664 2872 regnante
1728 2784 2042 2863 Romulo,
2103 2788 2339 2872 quibus
2398 2789 2657 2872 quidem
2708 2788 3063 2855 Romulum

681 2893 960 2958 tenebris
1027 2928 1108 2939 —-
1169 2893 1380 2956 virtus
1439 2927 1521 2940 —-
1570 2894 1638 2955 in
1699 2890 1945 2956 caelum
2010 2892 2245 2958 dicitur
2306 2893 2697 2960 sustulisse’'.
2784 2895 2909 2975 Qui
2967 2898 3065 2963 sic

678 3010 847 3064 retro
883 3002 1414 3082 computaverunt
1459 2999 1801 3081 quominus
1849 2995 2123 3063 Romsm
2170 3000 2492 3064 conditam
2533 3022 2667 3066 esse
2710 3008 3065 3067 statuerent

681 3124 843 3169 anno
892 3102 1061 3179 753,
1107 3101 1272 3167 nihil
1318 3102 1630 3187 prohibet.
1705 3103 1888 3183 Quod
1935 3108 1991 3169 εἰ
2036 3102 2139 3181 fit,
2192 3088 2381 3170 mors
2411 3105 2675 3171 Romuli
2727 3108 2955 3172 incidit
2995 3112 3064 3172 in

678 3210 842 3275 Nou.
906 3208 1160 3289 Quinct.
1223 3206 1374 3291 (Iul.
1436 3206 1504 3293 ’7)
1551 3229 1606 3274 a.
1658 3208 1790 3273 716
1838 3230 1895 3275 a.
1944 3207 2015 3275 O.
2092 3210 2515 3276 Intervallum
2562 3214 2731 3277 inter
2778 3212 2946 3297 ¹716,
2996 3214 3058 3281 7.

679 3314 920 3381 Iulium
985 3320 1054 3379 et
1122 3312 1292 3391 400,
1343 3312 1404 3377 5.
1455 3313 1708 3378 Iunium
1758 3318 2131 3381 est=enni
2184 3314 2353 3400 315,
2402 3338 2651 3383 menses
2706 3318 2811 3383 ll.
2856 3318 3065 3404 Repe·-

678 3428 904 3486 tuntur
947 3420 1098 3485 solis
1147 3420 1526 3485 defectiones
1571 3426 1712 3504 post
1759 3441 2007 3486 menses
2056 3420 2211 3488 223.
2287 3425 2455 3487 Anni
2497 3423 2628 3487 315
2654 3420 2733 3499 -l-
2763 3424 2839 3488 11
2880 3444 3065 3490 men-

677 3547 775 3592 ses
835 3526 1117 3591 efficiunt
1163 3545 1410 3589 menses
1461 3522 1632 3590 3791
1685 3526 1726 3589 i.
1756 3548 1811 3591 e.
1869 3526 1949 3591 17
1978 3528 2051 3600 ><
2078 3526 2233 3593 223.
2305 3528 2531 3593 Decies
2578 3534 2813 3616 septies
2858 3532 3067 3616 igitur

675 3638 817 3719 post
877 3640 1150 3697 mortem
1215 3629 1475 3694 Romuli
1537 3630 1690 3695 solis
1751 3633 1876 3696 fuit
1946 3633 2201 3719 eclipsis
2260 3634 2607 3699 secundum
2682 3644 3061 3720 computum

677 3746 986 3805 veterum.
1079 3737 1234 3801 Post
1293 3736 1579 3821 periodos
1637 3740 1813 3802 enim
1884 3738 2015 3805 223
2088 3760 2381 3807 mensum
2456 3762 2601 3806 cum
2674 3749 3069 3828 repeteretur

676 3845 962 3929 eclipsis,
1025 3842 1216 3907 fiebat
1273 3842 1340 3906 id
1407 3850 1549 3926 post
1609 3864 1803 3909 annos
1868 3846 1949 3909 18
1995 3852 2065 3911 οι
2111 3866 2359 3911 menses
2411 3844 2469 3912 7.
2543 3846 2815 3912 Fiebunt
2857 3850 3067 3935 igitur

675 3954 1056 4019 defectiones
1115 3949 1266 4015 solis
1328 3958 1470 4035 post
1533 3960 1803 4016 mortem
1872 3952 2139 4019 Romuli
2198 3954 2301 4019 his
2346 3956 2525 4018 annis
2572 3954 3063 4041 mensibusque:

979 4076 1035 4122 a.
1087 4055 1173 4121 38
1221 4053 1297 4119 U.
1335 4054 1446 4133 0.,
1497 4054 1627 4122 716
1669 4078 1725 4122 a.
1770 4052 1842 4125 Ο.
1886 4082 1948 4123 n.
1996 4058 2162 4123 Iulio
2196 4072 2313 4159 (Ε
2348 4057 2431 4123 18
2479 4061 2655 4134 anni,
2703 4059 2740 4125 7
2777 4080 3065 4145 menses,

1086 4161 1169 4227 57
1493 4160 1624 4229 697
1992 4164 2177 4229 Febr.
2186 4157 2207 4248 J
2457 4170 2521 4229 et
2568 4165 2658 4228 sic
2704 4184 2913 4249 porro.

1084 4265 1170 4333 75
1491 4266 1622 4333 679
1988 4268 2159 4354 Sept.

1081 4372 1170 4437 94
1489 4371 1620 4438 660
1986 4376 2138 4459 Apr.

1041 4476 1168 4541 112
1487 4476 1618 4545 642
1984 4479 2147 4549 Nov.
