3436 5161
1264 386 1540 457 nurus
1581 388 1918 441 sosarnus.
2211 404 2216 414 ·
2647 370 2780 441 353

404 552 731 640 Scriptura
793 558 930 621 tam
991 554 1100 621 diu
1162 553 1423 623 Graecis
1472 556 1768 644 ignorata
1815 555 2026 623 fuerit.
2074 555 2399 623 Aristeam
2448 557 2783 644 descripsit

403 659 717 747 Josephus
775 658 997 747 Antiq.
1052 662 1155 727 12.
1204 661 1267 727 2.
1313 662 1388 725 4:
1438 662 1526 728 διὸ
1573 662 1677 727 καὶ
1727 661 1868 734 τοὺς
1917 662 2178 734 ποιητὰς
2229 664 2422 739 αὐτῆς
2475 664 2579 729 καὶ
2630 688 2783 743 συγ-

404 774 673 847 γραφεῖς
722 768 841 832 τῶν
890 768 1114 845 ίςοριῶν
1159 770 1267 833 οὐκ
1311 769 1760 845 ἐπιμνησθῆναί
1799 774 1987 851 φησιν
2035 772 2096 835 ‘E
2112 779 2368 842 καταῒος
2417 771 2446 837 ὃ
2495 770 2782 851 Ἀβδηρί-

401 898 551 958 της,
596 874 729 939 οὐδὲ
774 881 891 939 τῶν
938 876 1081 939 κατ’
1130 875 1325 950 αὐτήν
1372 874 1906 953 πολιτευσαμένων
1951 874 2208 961 ἀνδρῶν,
2247 880 2324 948 ὥς
2365 876 2563 954 άγνῆς
2599 877 2780 951 οὔσης

402 979 507 1045 καὶ
572 981 663 1059 μὴ
726 979 853 1046 δέον
914 983 1107 1055 αὐτὴν
1166 982 1470 1061 βεβήλοις
1529 980 1764 1057 ςόμασι
1827 982 2308 1063 διασαφεῖσθαι,
2369 1004 2530 1068 quae
2588 984 2782 1050 verba

402 1092 571 1154 certe
628 1109 755 1154 non
812 1094 1097 1174 tempore
1158 1088 1502 1155 Alexandri
1550 1090 1780 1178 Magni
1835 1110 2038 1175 neque
2096 1092 2170 1158 in
2225 1087 2493 1156 Graecia
2547 1092 2782 1176 scripta

400 1200 573 1261 sunt.
638 1195 783 1261 Nisi
845 1198 989 1281 quis
1050 1198 1184 1282 ipse
1246 1200 1377 1263 suis
1439 1197 1641 1264 oculis
1702 1218 1840 1263 rem
1897 1199 2426 1285 pervestigaverit
2443 1248 2462 1283 ‚
2525 1197 2782 1265 difficile

402 1306 499 1367 est
544 1302 795 1367 credere
838 1318 1164 1388 quousque
1208 1302 1323 1371 illa
1362 1309 1571 1371 aetate
1610 1324 1942 1391 progressa
1979 1306 2066 1370 sit
2106 1304 2460 1371 mentiendi
2497 1304 2780 1373 licentia.

400 1406 546 1493 Ipse
603 1405 643 1473 J
646 1408 917 1493 osephus
974 1410 1343 1493 imprudens
1404 1408 1444 1476 J
1446 1410 1798 1476 udaeorum
1859 1413 2034 1495 piam
2097 1410 2386 1475 fraudem
2447 1413 2651 1496 aperit
2709 1411 2778 1477 in

398 1512 689 1580 Prooem.
739 1514 819 1597 4,
866 1516 980 1579 ubi
1025 1515 1237 1581 Moses
1283 1516 1581 1613 laudatur
1616 1522 1873 1604 propter
1911 1519 2224 1581 eximium
2269 1519 2557 1583 veritatis
2598 1537 2778 1583 amo·
2882 1548 2888 1555 ·

397 1640 571 1697 rem,
635 1622 835 1686 καίτοι
896 1646 1013 1699 γε,
1076 1618 1209 1687 ὅσον
1271 1622 1373 1687 ἐπὶ
1422 1626 1607 1700 μήκει
1655 1623 1874 1705 χρόνου
1922 1624 2025 1688 καὶ
2075 1623 2494 1697 παλαιότητι.
2545 1624 2782 1698 πολλὴν

400 1722 561 1807 ἔχων
608 1726 820 1793 ἄδειαν
866 1728 1103 1809 ψευδῶν
1152 1726 1585 1805 πλασμάτων·
1630 1728 1854 1809 γέγονε
1902 1755 1948 1809 γ
1968 1730 2060 1809 ἀρ
2106 1729 2218 1809 πρὸ
2267 1732 2412 1795 ἐτῶν
2459 1728 2777 1809 δισχιλίων

398 1834 528 1899 xri.
622 1833 931 1901 Hecataei
1006 1838 1264 1902 nomine
1333 1837 1898 1903 circumferebatur
1964 1835 2301 1921 peculiaris
2370 1836 2630 1903 libellus
2699 1838 2779 1903 de

396 1942 710 2021 Abram0,
772 1943 991 2028 Antiq.
1058 1943 1117 2009 1.
1186 1942 1249 2011 ’7.
1316 1943 1396 2023 2,
1460 1964 1650 2029 quem
1711 1943 2008 2009 libellum
2069 1964 2259 2010 nemo
2317 1943 2506 2010 facile
2565 1944 2778 2011 credet

396 2048 665 2117 Abderis
726 2055 1054 2115 exaratum
1120 2050 1334 2116 fuisse.
1402 2051 1622 2126 Alibi,
1670 2049 1849 2117 locus
1897 2056 1994 2117 est
2038 2054 2106 2115 in
2155 2051 2371 2135 Antiq.
2423 2048 2482 2115 2.
2539 2050 2643 2116 16.
2697 2050 2769 2129 5,

395 2153 708 2240 Josephua
754 2155 1015 2223 fortasse
1058 2160 1340 2244 genuina
1384 2157 1727 2223 Abderitae
1773 2158 1966 2223 verba
2011 2163 2160 2223 ante
2205 2156 2421 2223 oculos
2467 2157 2712 2223 habuit.

486 2260 687 2328 Venio
724 2284 891 2328 nunc
936 2262 1015 2329 ad
1062 2265 1278 2349 Antiq.
1324 2265 1377 2330 1.
1426 2262 1487 2328 3.
1516 2262 1591 2341 9,
1633 2265 1747 2329 ubi
1782 2264 2096 2350 Josephus
2133 2263 2476 2330 lectoribus
2515 2266 2777 2329 conatur

393 2368 769 2457 persuadere
806 2368 1207 2435 Patriarchas
1245 2372 1397 2435 olim
1439 2372 1646 2437 vitam
1684 2391 1795 2455 per
1831 2369 2096 2457 longam
2120 2369 2515 2435 saeculorum
2542 2370 2772 2435 seriem

395 2476 795 2561 produxisse:
860 2482 1229 2557 μαρτυροῦσι
1294 2474 1358 2541 δέ
1416 2500 1536 2554 μου
1583 2479 1667 2558 τῷ
1713 2474 1882 2555 λόγῳ
1932 2474 2165 2547 πάντες
2210 2477 2262 2540 οἱ
2312 2478 2460 2557 παρ’
2501 2473 2774 2552 Ἕλλησι

394 2583 501 2648 καὶ
563 2584 736 2663 παρὰ
796 2583 1141 2663 βαρβάροις
1205 2583 1730 2664 συγγραψάμενοι
1793 2584 1910 2656 τὰς
1974 2583 2449 2664 ἀρχαιολογίας.
2531 2582 2776 2651 Deinde

394 2699 725 2757 enumerat
783 2692 895 2775 qui
960 2689 1038 2755 de
1101 2689 1383 2755 barbaris
1446 2693 1868 2776 scripserunt:
1917 2689 2020 2754 καὶ
2068 2691 2196 2767 γαρ
2245 2689 2348 2754 καὶ
2399 2689 2694 2754 Μανεθὼν
2743 2690 2771 2756 ὃ

392 2797 503 2870 τὴν
565 2803 681 2884 τῶν
742 2796 1102 2872 Αἰγυπτίων
1162 2794 1569 2873 ποιησάμενος
1634 2797 2013 2875 ἀναγραφὴν
2074 2795 2180 2860 κα)
2245 2795 2554 2874 Βηρωσσὸς
2610 2797 2638 2860 ὃ
2686 2795 2772 2862 τὰ

394 2902 729 2970 Χαλδαϊκὰ
787 2903 1163 2980 συναγαγὼν
1224 2902 1331 2966 καὶ
1394 2903 1631 2984 Μῶχός
1691 2928 1764 2967 τε
1832 2902 1938 2966 καὶ
2010 2905 2078 2968 ‘E
2099 2911 2369 2974 ςιαῒος
2440 2901 2544 2966 καὶ
2625 2903 2770 2982 πρὸς

392 3011 603 3081 αὐτοῖς
670 3010 699 3076 ὃ
763 3008 1108 3087 Αἰγύπτιος
1173 3009 1555 3087 Ἱερώνυμος,
1626 3010 1678 3075 οἱ
1750 3009 1836 3074 τά
1910 3009 2216 3074 Φοινικικὰ
2281 3007 2770 3095 συνταξάμενοι,

394 3119 787 3192 συμφωνοῦσι
848 3123 975 3188 τοῖς
1027 3115 1129 3180 ὑπ’
1178 3117 1324 3192 ἐμοῦ
1373 3114 1752 3194 λεγομένοις.
1823 3113 2190 3200 Sequuntur
2249 3113 2478 3182 Graeci
2537 3118 2648 3200 qui
2696 3115 2774 3183 de

395 3219 656 3290 Graecis
702 3224 1118 3308 scripserunt:
1164 3221 1439 3295 Ἡσίοδός
1489 3246 1558 3287 τε
1607 3222 1711 3286 καὶ
1762 3224 2094 3294 Ἑκαταῖος
2144 3223 2248 3286 καὶ
2277 3220 2640 3294 Ἑλλάνικος
2665 3223 2770 3287 καὶ

394 3330 799 3402 ’Λκουσίλαος
862 3330 968 3394 καὶ
1030 3330 1177 3407 πρὸς
1221 3328 1455 3403 τούτοις
1498 3333 1768 3408 ’Ἔφορος
1818 3329 1922 3393 καὶ
1973 3327 2282 3402 Νικόλαος
2332 3331 2588 3408 ἱςοροῦσι
2633 3329 2775 3402 τοὺς

392 3439 687 3517 ἀρχαίους
756 3437 1070 3518 ζήσαντας
1136 3435 1242 3510 ἔτη
1306 3436 1515 3517 χίλια.
1600 3437 1814 3522 Atque
1874 3436 1979 3500 hic
2049 3435 2305 3521 quidem
2378 3435 2773 3502 Hecataeum

392 3543 725 3610 Milesium
772 3543 1131 3631 intelligere
1178 3543 1516 3620 debemus,
1558 3563 1747 3628 quem
1790 3548 2004 3607 tamen
2043 3540 2358 3628 Josephus
2397 3563 2523 3608 non
2560 3547 2773 3630 magis

391 3651 671 3736 inspexit
715 3671 907 3736 quam
957 3648 1312 3737 Hesiodum
1355 3648 1456 3715 vel
1497 3649 1910 3733 Acusilaum,
1951 3669 2104 3714 nam
2145 3649 2492 3714 secundum
2532 3649 2773 3716 saeculi

392 3777 637 3823 morem
699 3756 1012 3842 descripta
1060 3758 1272 3822 omnia
1316 3760 1467 3820 sunt
1513 3776 1590 3820 ex
1638 3775 1709 3821 eo
1759 3775 1948 3839 quem
1999 3759 2396 3839 postremum
2444 3753 2768 3834 laudavit,

388 3862 653 3930 Nicolao
716 3862 1141 3946 Damascene,
1204 3882 1392 3948 quem
1452 3865 1665 3947 ipsum
1729 3882 1808 3927 ex
1869 3860 2121 3946 Ephoro
2191 3881 2407 3945 sapere
2474 3860 2767 3926 dixerim.

388 3969 523 4035 Nec
568 3969 1030 4058 negligendum
1078 3974 1173 4034 est
1221 3971 1387 4035 inter
1426 3967 1700 4035 Graecos
1741 3967 2080 4034 Nicolaum
2120 3987 2286 4032 nunc
2327 3967 2542 4032 referri
2567 3989 2772 4062 neque

388 4073 708 4141 Judaeum
769 4075 996 4153 fuisse,
1061 4074 1228 4160 quod
1292 4074 1436 4140 aliis
1497 4074 1882 4160 quibusdam
1941 4075 2336 4162 argumentis
2401 4095 2555 4140 usus
2601 4080 2772 4146 recte

388 4183 675 4248 instituit
717 4184 979 4266 probare
1027 4180 1327 4248 Griitzius
1370 4179 1484 4246 ΙΙΙ.
1532 4203 1595 4266 p.
1644 4179 1799 4246 483.
2699 4208 2705 4214 ·

480 4285 705 4353 Restat
762 4308 931 4354 nunc
992 4301 1291 4371 quaerere
1350 4290 1493 4373 quis
1553 4287 1874 4352 Hestiaeus
1933 4285 2156 4364 fuerit,
2217 4307 2408 4372 quem
2453 4285 2768 4374 Josephus

390 4397 559 4460 inter
618 4413 724 4459 eos
783 4394 975 4460 refert
1033 4397 1143 4480 qui
1204 4393 1280 4459 de
1340 4393 1683 4460 Phoenicia
1743 4394 2149 4478 scripserunt.
2235 4393 2364 4459 Hic
2425 4394 2767 4464 Hestiaeus

390 4505 713 4588 praeterea
755 4499 1055 4566 laudatur
1100 4502 1315 4586 Antiq.
1372 4501 1433 4566 1.
1481 4502 1539 4565 4.
1596 4499 1672 4566 3:
1723 4499 1856 4582 περὶ
1909 4500 1969 4565 δὲ
2015 4504 2121 4566 τοῦ
2170 4501 2376 4567 πεδίου
2421 4505 2528 4568 τοῦ
2575 4516 2762 4581 λεγο-
