3436 5161
2618 365 2750 433 457

454 556 633 623 Haec
678 561 747 623 in
793 556 1136 625 Vesontino
1182 556 1347 623 libro
1393 556 1461 621 in
1509 556 1677 622 hunc
1724 554 1990 621 modum
2037 556 2272 659 scripta
2315 556 2499 621 sunt:

432 708 463 757 f.
503 709 651 769 144²,
685 709 770 759 lin.
807 709 897 759 ult.

430 794 583 841 man.¹
624 788 761 839 αὐτὸ
795 794 946 840 arcear
981 788 1077 839 κάκ
1110 786 1297 839 τούτου
1337 790 1508 853 συχνὰ
1543 790 1633 851 μὶν
1666 787 1871 839 εὖτ-ὄθεν
1905 789 2097 851 ἥρπασε
2131 789 2302 852 συχνὰ
2336 786 2390 837 δί
2417 786 2749 855 [ἦργυρολόγη

431 889 539 923 man
564 872 710 922 ’καὶ
746 873 863 935 παρ’
900 870 965 920 ῑδι
966 876 1105 922 cca-&v
1140 875 1238 921 τνῦ
1276 868 1536 933 reddum
1570 871 1653 921 xa)
1688 876 1787 921 ’νῦν
1821 874 1925 935 Bae
1891 870 2069 921 ausonia
2103 869 2470 935 ἠργυρολόγησε

430 955 467 1006 s.
501 955 599 1005 145
633 956 777 1021 prim.
814 955 899 1006 lin.

668 1036 842 1098 ι’παρ
878 1034 1156 1085 &tvm-Bw
1157 1036 1300 1086 sxa)
1338 1034 1502 1097 δήμων
1538 1036 1621 1086 καὶ
1654 1039 1756 1086 ’νῦν
1789 1034 2064 1102 βασιλίσιν]
2097 1034 2207 1094 τοῖς
2241 1034 2334 1097 μὲν
2365 1033 2600 1099 χύμνκ
2567 1052 2680 1086 κ..τ
2699 1045 2750 1085 λ.

432 1118 593 1170 Verba
623 1118 845 1171 macellis
875 1122 1037 1185 saepta
1070 1118 1260 1169 induxit
1292 1122 1431 1169 man⁸

455 1284 735 1369 Apparet
798 1282 1006 1370 igitur
1069 1284 1344 1367 priorem
1412 1280 1752 1347 lectionem
1800 1300 1879 1347 ex
1925 1279 2138 1347 codice
2181 1279 2489 1347 secundae
2535 1278 2752 1346 classis

363 1408 498 1455 esse
544 1388 897 1455 derivatam
916 1435 933 1467 ‚
983 1394 1401 1454 correctorem
1450 1386 1816 1453 adhibuisse
1858 1386 2197 1454 Venetum.

451 1494 674 1580 Neque
733 1514 934 1581 usque
996 1494 1075 1560 ad
1138 1494 1247 1562 fol.
1297 1492 1429 1559 197
1476 1493 1575 1583 (L.
1624 1491 1750 1579 56,
1798 1492 1922 1571 22,
1972 1491 2040 1579 2)
2101 1492 2384 1559 codicem
2433 1491 2749 1559 Venetum

360 1603 431 1669 in
494 1600 828 1667 Vesontino
888 1602 1196 1687 reperies,
1266 1622 1488 1667 verum
1550 1620 1752 1687 usque
1816 1600 1896 1666 ad
1941 1599 2050 1665 fol.
2104 1598 2236 1665 194
2281 1598 2433 1685 (56,
2485 1600 2570 1667 13
2589 1650 2608 1685 ,
2657 1598 2745 1687 3).

363 1706 517 1773 Inde
580 1709 751 1773 enim
800 1727 837 1772 a
883 1707 1095 1773 verbis
1156 1708 1322 1783 πλὴν
1370 1706 1595 1789 ὀλίγων
1644 1708 2004 1789 ἐκεχείρωτο
2051 1708 2279 1793 incipit
2323 1706 2557 1773 codicis
2605 1726 2753 1793 pars

362 1816 672 1901 posterior
714 1811 852 1899 (fol.
896 1818 991 1879 est
1038 1810 1168 1878 289
1185 1862 1200 1892 ,
1253 1816 1537 1899 primum
1586 1815 2018 1899 quaternionis
2067 1810 2198 1899 38).

454 1920 593 1987 Hos
637 1925 855 1987 autem
902 1918 1168 1986 ultimos
1214 1922 1655 2006 quaterniones
1700 1940 1828 1985 non
1865 1925 2120 1986 tantum
2160 1920 2448 1987 numeris
2481 1919 2753 1987 arabicis

363 2028 649 2116 signatos
692 2027 950 2111 inveni,
997 2046 1225 2092 verum
1274 2027 1473 2093 etiam
1518 2024 1754 2092 litteris
1799 2028 2047 2115 graecis
2062 2073 2080 2103 ,
2127 2046 2244 2092 nec
2291 2030 2509 2093 tamen
2543 2028 2640 2092 ita
2675 2028 2753 2091 ut

361 2152 775 2200 numerorum
822 2133 1015 2199 series
1060 2134 1460 2200 contineatur
1477 2178 1495 2211 ‚
1541 2132 1651 2199 sed
1696 2134 2073 2199 instituatur
2116 2130 2350 2199 altera:

456 2238 503 2305 f.
551 2235 915 2303 281—288
936 2260 1019 2289 =
1038 2236 1124 2321 λζ

544 2342 905 2411 289-296
927 2370 1011 2397 ==
1034 2368 1080 2410 a

547 2448 910 2519 297-304
930 2476 1012 2503 =
1034 2452 1086 2529 β

552 2556 910 2626 305-312
934 2583 1016 2611 —··=
1036 2582 1085 2640 y

548 2663 905 2731 313-320
927 2692 1011 2719 =
1030 2667 1066 2732 δ
1136 2665 1270 2751 (hic
1328 2685 1633 2732 numerus
1680 2669 2002 2752 superest;
2051 2668 2242 2734 ceteri
2287 2670 2401 2734 aut
2445 2687 2523 2734 ex
2567 2669 2748 2753 parte

735 2795 867 2861 sqq.
1234 2776 1348 2838 aut
1392 2774 1515 2838 toti
1558 2773 1988 2860 interierunt.)

545 2985 769 3056 Mense
818 2991 1111 3078 Augusto
1163 2985 1357 3054 1885.
2185 2987 2262 3054 U.
2312 2987 2432 3055 Ph.
2483 2987 2558 3057 B.
