3436 5161
627 397 761 464 234
1661 414 1972 463 annuus.

725 579 910 645 Tom.
973 577 1198 645 XVII.
1269 579 1328 644 1.
1393 599 1543 666 pag.
1593 577 1666 643 9:
1716 577 1992 644 ἅπτεται
2041 581 2074 655 ἦ
2122 577 2285 651 νόσος
2338 615 2423 629 --
2473 579 2577 644 καὶ
2625 587 2743 646 τῶν
2788 583 3011 661 θωρησ-

627 687 892 764 σομένων
957 685 1062 750 καὶ
1128 687 1244 750 τῶν
1295 684 1763 765 ὑδροποτεόντων
1811 685 1913 750 καὶ
1963 691 2081 750 τῶν
2125 685 2337 767 μᾶζαν
2387 685 2695 753 ἐσθιόντων
2740 687 2845 752 καὶ
2893 693 3011 752 τῶν

629 792 806 874 άρτον
870 791 1207 858 σιτεόντων.
1279 791 1632 859 Barbarum
1683 799 1778 858 est
1826 799 2017 858 σιτεῒν
2062 812 2175 877 pro
2221 794 2540 858 σιτεῖσθαι.
2612 793 2775 859 Vera
2817 792 3009 859 lectio

628 908 723 968 est
769 898 1298 980 άρτΟΟιτεόντων.

720 1111 901 1178 Tem.
950 1111 1166 1178 XVII.
1219 1111 1278 1176 1.
1319 1132 1468 1199 pag.
1508 1109 1585 1176 9:
1627 1113 1741 1178 ὑπὸ
1780 1111 2009 1178 τούτων
2045 1118 2161 1178 τῶν
2204 1112 2563 1192 νοσημάτων
2610 1113 2727 1198 [οἱ]
2763 1112 3010 1187 πλείους

633 1218 1025 1284 ἀπόλλυνται
1077 1219 1110 1293 ἢ
1162 1217 1276 1282 ὑπὸ
1323 1219 1441 1283 τῶν
1487 1216 1698 1284 ἄλλων
1748 1225 1862 1283 τῶν
1909 1217 2306 1295 συμπάντων.

716 1324 875 1391 Dele
924 1323 1302 1400 artieulum3
1357 1327 1673 1390 sententia
1723 1325 1850 1390 loei
1898 1325 2169 1410 requirit
2208 1326 2446 1409 plures,
2495 1346 2619 1392 non
2659 1327 2943 1410 plerique.

717 1539 916 1624 Saepe
980 1534 1263 1604 Galenus
1327 1540 1617 1624 queritur
1677 1538 1756 1604 de
1812 1539 2132 1605 mendosis
2177 1538 2588 1625 Hippocratis
2636 1535 3012 1615 (lodicibus,

627 1645 832 1713 veluti
893 1644 1074 1710 Tom.
1139 1642 1352 1708 XVII.
1422 1643 1480 1710 1.
1546 1664 1692 1732 pag.
1762 1643 1928 1710 196:
1982 1645 2253 1726 ἐγχωρεῖ
2294 1648 2356 1711 δὲ
2404 1645 2545 1710 κατ’
2588 1645 2789 1726 ἀρχὴν
2837 1642 3008 1716 εὐθὺς

629 1752 744 1818 ὑπὸ
799 1757 906 1816 τοῦ
953 1749 1424 1828 βιβλιογράφου
1472 1751 1582 1825 τὴν
1629 1751 1795 1829 λέξιν
1844 1751 2307 1831 άμαρτηθεῒσαν
2354 1752 2764 1832 φυλαχθῆναι
2813 1748 3010 1815 καθά-

629 1882 742 1937 περ
806 1855 910 1922 καὶ
977 1854 1174 1921 ἄλλαι
1239 1855 1472 1920 πολλαὶ
1521 1861 1698 1921 τοῦτο
1748 1857 2089 1922 πεπόνθασι
2137 1858 2312 1937 παρά
2362 1883 2433 1923 τε
2479 1859 2563 1939 τῷ
2616 1855 3010 1935 Ἱπποκράτει

629 1965 734 2030 καὶ
803 1962 1019 2034 ἄλλοις
1086 1963 1194 2027 οὐκ
1259 1962 1508 2040 ὀλίγοις.
1571 1969 1636 2028 et
1697 1984 1846 2051 pag.
1916 1963 2082 2029 524:
2132 1966 2237 2030 οὐκ
2282 1961 2403 2030 οἶδ’
2452 1961 2614 2034 ὅπως
2664 1963 3011 2044 ἐδυςύχησε

628 2069 734 2135 καὶ
800 2073 977 2134 τοῦτο
1045 2068 1114 2132 τὸ
1174 2066 1428 2146 βιβλίον
1492 2063 1691 2149 ὥσπερ
1756 2069 1861 2134 καὶ
1924 2067 2103 2135 ἄλλα
2148 2071 2360 2136 πολλοὶ
2409 2076 2525 2135 τῶν
2570 2069 3012 2147 Ἱπποκράτους

632 2177 718 2242 τά
767 2175 880 2253 μὲν
929 2173 1136 2244 άλλως
1185 2173 1705 2254 διεσκευασμένα,
1754 2175 1839 2239 τά
1886 2175 1952 2240 δὲ
1999 2185 2124 2250 τοῖς
2174 2176 2281 2240 ὑπ’
2321 2159 3009 2254 αὐτοῦ-γεγραμμένοις

633 2280 1082 2360 παρακείμενόν
1144 2303 1206 2344 τι
1270 2277 1498 2360 ἔχοντα
1564 2287 1630 2346 et
1690 2303 1836 2369 pag.
1896 2280 2063 2347 909:
2112 2285 2480 2362 γέγραπται
2527 2283 2641 2360 μὲν
2689 2277 2787 2345 οὖν
2831 2284 3010 2345 τοῦτο

635 2387 805 2452 κατὰ
869 2387 1076 2450 πολλοὶ
1138 2392 1255 2450 τῶν
1305 2385 1748 2470 άντιγράφων,
1798 2387 1967 2467 ὀρθῶς
2019 2389 2081 2453 δὲ
2129 2389 2189 2452 ἐν
2235 2397 2361 2461 τοῖς
2410 2389 2581 2454 κατά
2630 2386 3013 2468 Διοσκορίδην

634 2496 698 2559 οὐ
747 2491 1132 2571 γέγραπται.
1180 2492 1480 2573 Φαίνεται
1527 2492 1640 2569 μὲν
1690 2492 1817 2572 γάρ
1864 2495 1941 2564 ὥς
1978 2494 2116 2578 (ἐπ’
2161 2494 2335 2578 add.)
2375 2493 2665 2572 ἐξηγήσει
2706 2515 3012 2573 προσγρα-

629 2600 747 2682 φὲν
796 2598 914 2663 ὑπό
957 2621 1150 2676 τινος,
1199 2594 1368 2669 αὖθις
1415 2600 1480 2664 δὲ
1527 2600 1609 2671 εἰς
1660 2596 1969 2681 τοῦδαφος
2012 2600 2127 2665 ὑπὸ
2165 2606 2271 2667 τοῦ
2306 2600 2781 2682 βιβλιογράφου
2814 2623 3012 2679 μετα-

627 2708 950 2771 τεθεῖσθαι.

720 2812 895 2893 Quae
957 2812 1086 2876 sint
1147 2816 1364 2876 autem
1429 2810 1914 2889 διεσκευασμένα
1960 2814 2031 2878 in
2076 2814 2329 2899 seriptis
2375 2812 2786 2897 Hippocratis
2829 2810 3011 2877 lucu-

627 2920 831 2986 lenter
885 2917 1276 2982 demonstrat
1320 2916 1502 2982 Tem.
1551 2916 1759 2983 XVII.
1812 2919 1868 2982 1.
1919 2939 2065 3006 pag.
2121 2918 2271 2984 109.
2343 2918 2485 2984 Duo
2534 2919 2759 2984 breves
2803 2914 3011 2982 libelli

628 3027 746 3092 sub
793 3024 1201 3109 Hippocratis
1247 3026 1502 3088 nomine
1547 3024 1911 3089 ferebantur
1927 3073 1945 3108 ,
1988 3045 2111 3109 quo
2152 3031 2437 3110 tempore
2479 3044 2661 3111 reges
2706 3022 3015 3109 Pergami

631 3139 694 3199 et
741 3133 1026 3218 Aegypti
1072 3127 1381 3195 librorum
1428 3134 1721 3195 veterum
1771 3130 2181 3196 emendorum
2231 3131 2445 3196 studio
2488 3133 2657 3195 inter
2700 3149 2767 3194 se
2806 3131 3014 3193 certa-

631 3238 804 3304 bant.
875 3236 1101 3320 Itaque
1161 3238 1369 3301 neseio
1432 3238 1574 3320 quis
1631 3241 1706 3300 ut
1768 3240 1931 3301 esset
1988 3236 2155 3302 liber
2222 3234 2602 3323 vendibilior
2667 3240 3016 3317 utrumque

629 3343 926 3410 libellum
991 3342 1226 3407 additis
1286 3342 1665 3426 quibusdam
1731 3342 1957 3408 alienis
2016 3345 2084 3407 in
2146 3362 2347 3408 unum
2408 3342 2755 3407 coniunxit..
2828 3337 3014 3404 Tem.

632 3448 856 3517 XVII.
929 3448 988 3512 1.
1052 3467 1199 3534 pag.
1266 3446 1340 3511 9:
1406 3448 1621 3513 τούτου
1684 3454 1792 3515 τοῦ
1854 3448 2110 3526 βιβλίου
2174 3450 2241 3513 τὸ
2305 3448 2482 3527 μέρος
2532 3447 2602 3513 τὸ
2650 3452 2879 3526 πρῶτον
2926 3446 3012 3517 εἷς

634 3554 970 3625 διακοσίους
1019 3552 1124 3617 καὶ
1175 3554 1637 3634 τεσσαράκοντα
1687 3554 1902 3633 ςίχους
1952 3552 2176 3630 ἐξήκει.
2225 3559 2289 3621 et
2333 3574 2481 3641 pag.
2537 3554 2653 3618 10:
2702 3552 2803 3618 ἐπὶ
2844 3552 3011 3618 τέλει

635 3662 990 3742 πρόσκειται
1039 3658 1141 3725 διὰ
1188 3660 1382 3739 ςίχων
1427 3662 1503 3731 ὥς
1552 3658 1700 3723 δέκα
1751 3660 1881 3739 περὶ
1931 3666 2046 3723 τῶν
2099 3660 2459 3740 ἐγκεφάλου
2502 3660 2679 3724 νόσων
2702 3706 2717 3735 ,
2766 3664 2831 3723 et
2872 3664 3015 3743 post

633 3785 866 3855 pauca:
916 3767 986 3831 τὸ
1034 3762 1168 3830 ὅλον
1213 3764 1466 3842 βιβλίον
1515 3768 1582 3830 ἐκ
1623 3772 1864 3831 πολλῶν
1906 3766 2299 3836 διεσκεύαςαι
2342 3768 2444 3831 καὶ
2488 3766 2817 3843 σύγκειται
2857 3788 3015 3845 σχε-

634 3873 731 3938 δὸν
794 3874 880 3945 εἷς
947 3869 1293 3947 ἑξακοσίους
1349 3872 1563 3953 ςίχους
1614 3908 1696 3920 -—
1750 3870 2177 3949 ἐκτεταμένον.
2248 3871 2648 3937 Lneuleutus
2692 3872 3016 3955 imprimis

633 3978 814 4046 loeus
875 3984 971 4043 est
1035 3976 1114 4042 de
1173 3976 1423 4041 mendis
1476 3976 1786 4043 librorum
1857 3984 2147 4043 veterum
2220 3976 2403 4044 Tem.
2454 3976 2701 4043 XVIII.
2752 3976 2815 4041 2.
2866 3996 3013 4063 pag.

638 4082 805 4151 778:
854 4083 940 4148 τοὶ
988 4083 1102 4161 μὲν
1148 4083 1340 4147 αὐτοῦ
1387 4086 1493 4147 τοῦ
1544 4083 1905 4163 γράψαντος
1947 4084 2100 4149 αὐτὸ
2142 4085 2236 4169 (τὸ
2271 4084 2556 4169 βιβλίον)
2595 4082 2768 4162 παρά
2810 4080 3019 4162 γράμ-

635 4212 832 4270 ματος
901 4188 1022 4261 ἐνὸς
1088 4190 1121 4265 ἢ
1185 4188 1342 4253 δυοῖν
1389 4189 1720 4269 άφαίρεσιν
1772 4188 1804 4264 ἦ
1855 4189 2166 4271 πρόσθεσιν
2214 4191 2248 4267 ἢ
2302 4186 2657 4264 ὑπάλλαξιν
2706 4185 3017 4265 άμαρτόν-

641 4321 741 4369 τος
807 4290 905 4360 οἶα
969 4294 1178 4359 πολλοὶ
1226 4292 1738 4375 συγγράφουσιν,
1789 4296 1873 4361 τά
1922 4296 1986 4360 δὲ
2036 4294 2151 4361 ὑπὸ
2201 4300 2309 4361 τοῦ
2356 4293 2591 4375 πρώτου
2638 4292 3019 4373 βιβλιογρά-

637 4408 759 4485 φου
801 4400 902 4465 διὰ
941 4398 1011 4463 τὸ
1051 4400 1190 4465 τινα
1231 4401 1344 4476 μὲν
1379 4400 1658 4483 άσαφέσι
1687 4401 2027 4481 γράμμασι
2053 4400 2453 4483 γεγραφότος
2480 4399 2651 4488 (lege
2674 4399 3015 4480 γράμμασι

637 4506 1054 4590 γεγράφΘΛΙ
1107 4509 1238 4593 ὑπ’)
1287 4508 1476 4574 αὐτοῦ
1523 4512 1629 4573 τοῦ
1676 4508 1995 4587 συνθέτου,
2045 4544 2133 4559 —
2178 4508 2321 4574 τινὰ
2366 4508 2431 4573 δὲ
2474 4510 2583 4573 τοῦ
2628 4505 2869 4590 χάρτου
2916 4528 3018 4570 κο·
