3436 5161
1469 395 1710 445 mosao.
2644 378 2777 446 293

393 561 524 640 ciso
577 581 728 626 saxo
774 562 1086 626 niteretur
1102 608 1121 644 ‚
1169 564 1243 624 ut
1268 597 1355 608 -—
1381 558 1725 624 incolumis
1772 563 1961 643 atque
2004 560 2247 624 intacta
2292 561 2776 645 permanserit'’.

484 665 617 745 „Ut
674 667 766 730 ita
811 669 1064 731 munita
1107 663 1253 730 arx”
1302 684 1428 732 non
1474 679 1645 730 recte
1691 685 1760 730 se
1806 663 2033 750 habet3
2080 665 2397 749 quomodo
2443 671 2615 734 enim
2664 691 2777 738 arx

387 772 640 839 munita
697 771 892 836 fuerit
911 819 928 850 ,
994 792 1071 836 ex
1133 771 1564 856 superioribus
1627 791 1752 835 non
1814 775 2239 854 consequitur.
2326 769 2541 840 Sensit
2608 785 2779 846 recte

390 875 607 945 Christ
667 883 732 944 et
793 885 860 942 ut
921 877 1262 944 collocavit
1325 885 1467 962 post
1513 901 1644 942 arx.
1717 876 1846 942 Sed
1892 887 2211 962 praeterea
2256 899 2383 946 non
2432 883 2589 948 bene
2634 905 2778 950 con-

391 989 659 1052 veniunt
717 987 887 1050 inter
949 1005 1016 1050 se
1078 984 1199 1049 niti
1260 991 1325 1049 et
1381 983 1823 1062 circumiectis,
1868 985 2101 1049 nititur
2146 984 2389 1069 aliquid
2436 989 2771 1076 subiectis3

389 1094 608 1176 itaque
668 1091 790 1154 niti
850 1088 1152 1155 translate
1216 1098 1591 1175 usurpatum
1656 1095 1849 1164 esset,
1919 1096 1983 1153 et
2045 1088 2327 1156 delectus
2376 1094 2552 1158 verbi
2597 1094 2777 1160 illius

389 1219 618 1284 parum
658 1196 1012 1284 elegantiae
1053 1196 1373 1281 prodesset
1389 1245 1407 1270 ‚
1450 1197 1705 1280 propria
1744 1193 2207 1281 significatione
2239 1196 2423 1280 plane
2460 1199 2773 1286 neglecta.

390 1305 656 1371 Accedit
717 1304 882 1390 quod
943 1324 1056 1368 arx
1116 1305 1186 1366 in
1249 1304 1388 1388 ipso
1447 1302 1686 1367 vertice
1738 1301 2215 1386 septentrionali
2260 1299 2607 1387 Capitolini
2654 1308 2781 1374 sita

389 1431 516 1476 non
575 1409 970 1476 circumdata
1032 1409 1203 1472 saxis
1265 1407 1376 1472 sed
1439 1409 1743 1492 imposita
1801 1413 1915 1470 est.
2006 1406 2350 1472 Vaticanus
2414 1409 2607 1476 habet
2674 1411 2777 1498 (ut

393 1522 490 1582 est
533 1516 603 1579 in
649 1513 754 1580 Or.
811 1515 878 1600 1)
923 1518 1296 1578 circumiectu
1341 1512 1464 1597 (Μ.
1512 1535 1556 1575 u
1599 1521 1836 1598 puncto
1881 1518 2095 1590 notat,
2144 1514 2253 1578 sed
2288 1517 2549 1601 signum
2582 1519 2779 1584 inter-

391 1621 662 1709 rogandi
720 1619 964 1705 addit),
1027 1640 1220 1705 quare
1267 1621 1550 1703 suspicor
1595 1621 1829 1683 omisso
1874 1620 2169 1684 niteretur
2212 1619 2557 1706 legendum
2606 1643 2775 1692 esse:

395 1735 631 1812 „atque
689 1728 783 1792 ita
840 1728 1093 1790 munita
1155 1745 1269 1790 arx
1331 1726 1745 1790 circumiectu
1811 1724 2005 1790 arduo
2067 1731 2133 1790 et
2179 1729 2359 1810 quasi
2401 1729 2778 1814 circumciso

392 1853 580 1910 saxo,
629 1831 741 1896 ut”
792 1867 900 1895 -—.
969 1830 1216 1916 Nempe
1265 1850 1416 1896 saxa
1461 1834 1642 1894 erant
1680 1833 1862 1915 quasi
1901 1851 2016 1916 pro
2055 1835 2314 1896 amictu.
2370 1830 2537 1899 Cum
2576 1835 2779 1902 semel

396 1949 464 2003 ut
524 1940 978 2022 interpositum
1036 1941 1103 2002 et
1165 1941 1532 2002 circumiecto
1578 1939 1886 2022 scriptum
1936 1945 2103 2003 esset
2150 1941 2587 2024 requirebatur
2633 1963 2775 2008 ver-

391 2043 551 2110 bum
599 2042 880 2129 aliquod.
916 2081 1001 2092 —
1037 2041 1229 2107 Prius
1275 2053 1344 2106 ut
1382 2043 1460 2107 de
1499 2045 2210 2109 coniectura.insertum
2247 2048 2326 2110 ab
2366 2044 2605 2114 Orellio
2644 2059 2774 2128 est,

391 2149 501 2216 sed
521 2195 539 2228 ‚
590 2151 848 2234 opinor,
897 2148 1104 2214 alieno
1149 2147 1290 2214 loco
1305 2168 1323 2226 ;
1371 2169 1523 2214 nam
1574 2169 1694 2226 „ex
1735 2152 1909 2215 omni
1952 2158 2131 2232 parte
2156 2152 2369 2217 arduis
2394 2159 2777 2240 praeruptis-

392 2276 516 2341 que
577 2253 938 2320 montibus”
998 2253 1320 2339 explicant
1381 2275 1494 2320 cur
1553 2275 1761 2333 „unus
1824 2255 2073 2321 aditus’'
2134 2257 2359 2335 fuerit3
2410 2263 2775 2326 concinnius

390 2363 596 2449 igitur
648 2360 902 2426 videtur
947 2367 1016 2424 ut
1061 2365 1206 2426 ante
1257 2381 1378 2438 „ex
1421 2359 1640 2425 omni'’
1680 2359 2005 2427 collocare.
2066 2361 2139 2426 Ut
2180 2366 2491 2429 omissum
2514 2369 2583 2430 in
2607 2389 2774 2432 mar·

391 2468 543 2554 gine
605 2468 888 2552 positum
951 2465 1199 2531 duobus
1262 2465 1418 2530 locis
1481 2468 1929 2550 interpositum
1994 2473 2089 2533 est
2148 2469 2259 2533 sed
2314 2477 2539 2536 neutro
2584 2479 2771 2540 recte.

392 2571 680 2639 Eandem
729 2574 1044 2660 originem
1094 2571 1487 2658 corruptelae
1534 2572 1682 2638 vide
1730 2571 1777 2637 Ι.
1830 2570 1939 2638 47.

483 2678 887 2745 Vocabulum
940 2686 1288 2762 potentatus
1335 2698 1479 2743 cum
1531 2677 1688 2742 olim
1739 2699 1888 2743 cum
1938 2678 2083 2743 aliis
2128 2677 2416 2746 Ciceroni
2462 2682 2775 2752 adscribe·

391 2804 568 2870 rem,
627 2784 917 2873 fugiebat
979 2805 1087 2849 me
1147 2804 1186 2849 a
1231 2803 1428 2849 manu
1474 2789 1727 2848 tantum
1775 2786 1981 2869 priore
2028 2806 2161 2851 esse
2211 2786 2520 2855 traditum
2566 2790 2603 2874 ξ
2655 2789 2768 2855 14:

395 2911 590 2969 „cum
627 2890 708 2960 ad
746 2910 896 2955 eum
941 2888 1346 2975 (Romulum)
1386 2894 1726 2971 potentatus
1765 2893 1973 2955 omnis
2013 2892 2425 2959 reccidisset”.
2454 2892 2559 2959 Sic
2581 2898 2777 2981 scrip-

394 3000 538 3061 tum
587 3000 755 3073 erat3
815 2994 1018 3061 altera
1065 3016 1292 3060 manus
1339 2996 1618 3059 mutavit
1663 2996 1733 3059 in
1779 2997 2113 3061 dominatus
2161 3004 2225 3063 et
2268 3002 2549 3085 pessimo
2592 3022 2777 3067 voca-

391 3102 546 3168 bulo
606 3122 721 3167 nos
774 3099 1042 3178 liberat,
1107 3100 1277 3185 quod
1337 3099 1601 3165 fortasse
1648 3104 1901 3166 exstitit
1948 3103 2208 3169 confusa
2253 3103 2469 3191 glossa
2501 3108 2779 3187 potentia

392 3228 545 3274 cum
594 3228 744 3272 vera
787 3205 1058 3273 lectione
1103 3206 1456 3271 dominatus.
1529 3204 1671 3271 Non
1722 3209 1893 3271 enim
1944 3210 2303 3275 existimari
2342 3218 2551 3295 potest
2584 3210 2779 3278 libra-

392 3316 528 3380 rius
591 3312 861 3380 offensus
922 3333 1058 3379 esse
1115 3311 1425 3379 vocabulo
1472 3319 1823 3394 potentatu«
1840 3360 1855 3390 ,
1919 3312 2085 3398 quod
2132 3316 2333 3400 ipsius
2381 3322 2666 3401 tempore
2711 3320 2780 3384 in

393 3440 516 3485 usu
561 3424 698 3485 erat
743 3422 810 3483 et
855 3438 892 3483 a
932 3414 1198 3483 Caesare
1237 3423 1300 3484 et
1341 3417 1528 3483 Livio
1567 3417 1844 3505 singulis
1882 3418 2038 3485 locis
2082 3421 2362 3487 creditur
2398 3431 2778 3508 usurpatum

394 3526 500 3614 (de
545 3524 716 3593 bello
762 3522 844 3591 G.
894 3522 945 3590 I.
997 3523 1116 3609 31,
1167 3525 1239 3590 L.
1292 3522 1556 3589 XXVII.
1609 3522 1740 3609 38).
1816 3524 2045 3592 Simile
2086 3534 2183 3593 est
2220 3528 2313 3595 ΙΙ.
2356 3528 2476 3596 55:
2521 3532 2779 3615 „itaque

391 3630 730 3698 Publicola
775 3630 918 3718 lege
964 3630 1080 3696 illa
1127 3630 1205 3697 de
1251 3632 1692 3716 provocatione
1738 3632 2148 3714 sublataperta
2194 3634 2412 3699 statim
2476 3636 2781 3723 securis”,

393 3736 536 3804 rell.
607 3736 956 3803 Manifesto
999 3736 1346 3825 legendum
1388 3737 1649 3819 perlata.
1723 3735 2011 3803 Secunda
2050 3758 2277 3804 manus
2316 3740 2445 3826 (‚,c¹
2488 3744 2563 3805 ut
2597 3740 2780 3807 vid.”

393 3842 582 3928 Mau)
646 3844 956 3927 expunxit
998 3841 1249 3908 litteras
1295 3849 1483 3926 caper.
1555 3840 1785 3907 Restat
1830 3845 1921 3907 sic
1966 3844 2201 3909 sublata
2219 3892 2236 3922 ,
2288 3846 2519 3911 vitiosa
2562 3842 2777 3913 lectio.

393 3948 654 4017 Scilicet
721 3968 872 4013 vera
932 3947 1124 4017 lectio
1184 3948 1498 4037 quomodo
1557 3949 1951 4079 rffistuffffda
1984 3956 2173 4017 'esset
2216 3951 2533 4037 adscripto
2567 3960 2781 4035 per-ta

393 4090 880 4181 significabatur
897 4142 916 4177 ,
979 4093 1290 4176 scriptum
1352 4097 1522 4157 erat:
1587 4108 1931 4158 suenum
1986 4095 2135 4160 inde
2204 4096 2387 4161 iuxta
2454 4096 2781 4165 collocatis

383 4210 608 4283 per-ta
653 4200 896 4267 factum
945 4214 1464 4266 sunmnrnsn.
1858 4204 1861 4209 ’

491 4380 600 4449 18.
674 4382 885 4460 „Nam
950 4385 1207 4448 centum
1271 4386 1335 4446 et
1394 4386 1534 4447 octo
1596 4382 1778 4445 annis
1832 4386 2167 4467 postquam
2215 4382 2554 4474 Lycurgus
2600 4384 2777 4473 leges

399 4488 670 4555 scribere
717 4487 1002 4554 instituit
1022 4535 1041 4565 ‚
1091 4490 1300 4573 prima
1348 4490 1556 4572 posita
1600 4493 1700 4553 est
1745 4485 2147 4574 Olympias'’.

2434 4612 2495 4665 1⁹
