3436 5161
1378 388 1467 456 An
1511 388 1860 439 weuram.
1960 437 1967 443 ,
2733 370 2819 439 97

420 546 851 721 ΡΗοὶεεὶιιιιέιω
912 550 1035 617 erit
1092 551 1431 619 rescribere
1488 576 1527 619 ιι
1545 577 1588 618 oe
1608 578 1644 620 κ
1660 554 1758 620 όν.
1829 554 1904 620 In
1951 552 2076 621 fine
2120 530 2364 643 dialogi
2409 560 2554 640 post
2601 557 2821 621 ἐκεῖνον

420 677 629 723 msere
676 680 729 735 μ
789 681 839 722 ν.

514 870 621 937 IV.
688 875 751 939 3.
814 872 1021 937 ἐκεῖνον.
1092 870 1309 938 πάντα
1370 872 1610 954 χαίρειν
1675 872 1752 939 ἔα.
1812 872 1916 939 xa>
1967 874 2260 941 ἐπιλάθου
2311 876 2514 940 αὐτῶν
2570 874 2703 963 [τοῦ
2751 899 2820 939 τε

422 976 702 1057 ποιμνίου
749 977 854 1044 καὶ
904 987 1017 1055 τῆς
1056 978 1282 1065 Ἴδης].
1352 978 1666 1067 Expunge
1714 979 2098 1068 languidum
2155 984 2821 1067 interpretamentum.

422 1083 503 1149 In
559 1082 683 1151 fine
746 1106 825 1152 ex
876 1084 929 1153 F
951 1085 1006 1151 L
1053 1086 1459 1153 scribendum
1504 1092 1641 1153 erat
1690 1084 1773 1165 ἕξ
1788 1111 1852 1155 ει
1873 1114 1905 1161 ς
1953 1088 2278 1156 κάνταῦθα
2325 1090 2428 1155 τὸν
2474 1087 2824 1167 συμπαιξό-

426 1212 603 1268 μενον
650 1211 765 1277 pro
811 1188 1063 1272 ἔχεις.

518 1402 581 1469 4.
634 1404 885 1483 πίνομεν
931 1405 1001 1471 τὸ
1048 1404 1291 1487 νέκταρ.
1352 1416 1499 1473 Γαν.
1551 1406 1744 1486 ἥδιον,
1797 1403 1840 1471 ὦ
1890 1412 2047 1487 Ζεῦ,
2095 1412 2204 1473 τοῦ
2251 1406 2620 1487 γάλακτοςς
2669 1407 2826 1474 Post

426 1510 583 1589 ἥδιον
643 1512 868 1597 supple
925 1512 1001 1578 ὅν
1020 1560 1037 1591 ,
1103 1513 1269 1598 quod
1334 1514 1665 1579 commode
1730 1514 1944 1580 abesse
2005 1533 2132 1579 non
2179 1520 2409 1600 potest.
2481 1512 2822 1599 Sequitur:

428 1616 545 1682 είσ
560 1644 590 1683 ε
610 1641 629 1681 ι
691 1618 838 1697 μετ’
902 1618 1109 1697 ὀλίγον
1173 1618 1276 1684 κοιὶ
1343 1643 1390 1698 γ
1410 1644 1439 1684 ε
1454 1644 1489 1685 υ
1505 1645 1544 1684 ο·
1562 1618 1606 1684 οὶ
1621 1644 1670 1696 μ
1691 1646 1722 1685 ε
1738 1645 1769 1685 ν
1786 1643 1814 1685 ο
1833 1645 1862 1693 ο
1923 1620 2124 1686 οὐκέτι
2169 1622 2448 1697 ποθήσεις
2494 1622 2566 1684 τὸ
2614 1620 2817 1700 γῶλοι.

428 1722 723 1790 Multum
770 1724 1007 1790 arridet
1052 1748 1099 1803 γ
1117 1748 1147 1789 ε
1165 1724 1199 1790 ύ
1214 1748 1255 1789 ο·
1272 1749 1301 1789 ε
1322 1748 1341 1789 ι
1388 1724 1535 1805 μετ’
1579 1726 1807 1804 ὀλίγον.

524 1933 605 2000 V.
668 1932 857 2009 οὕτως
923 1934 1160 2018 ἠπόρεις
1220 1936 1500 2019 οἰνοχόων
1516 1986 1534 2016 ,
1607 1936 1711 2003 καὶ
1782 1938 1890 2003 ἀπ
1905 1964 1940 2014 η
1959 1962 2006 2017 γ
2021 1962 2050 2003 ο
2065 1961 2095 2018 ρ
2111 1964 2140 2003 ε
2160 1937 2194 2003 ὖ
2213 1962 2250 2003 κ
2266 1962 2308 2005 οι
2327 1961 2452 2004 σιν
2499 1936 2621 2019 ἄρα
2669 1936 2708 2014 ἦ
2751 1963 2822 2004 τε

424 2039 601 2119 Ἥβη
649 2040 755 2107 καὶ
802 2042 831 2107 ό
874 2038 1204 2123 Ἥραιστος
1255 2041 1699 2121 διακονούμενοι
1721 2072 1742 2123 3
1800 2043 1875 2109 In
1925 2042 2071 2110 aliis
2117 2049 2214 2111 est
2266 2045 2362 2109 dv
2379 2070 2414 2121 η
2431 2068 2478 2123 γ
2496 2068 2524 2109 ο
2536 2069 2567 2126 ρ
2580 2070 2608 2109 ε
2629 2046 2663 2112 v'
2682 2069 2719 2109 ιι
2735 2069 2764 2109 ε
2782 2068 2824 2111 ι.

426 2145 581 2213 Loci
638 2148 802 2214 ratio
858 2152 924 2213 et
968 2148 1341 2233 praecedens
1388 2150 1838 2236 imperfectum
1887 2150 2333 2217 commendant
2379 2152 2422 2216 οὶ
2442 2177 2493 2217 π
2507 2176 2540 2225 η
2560 2175 2607 2230 γ
2626 2176 2654 2217 ο
2670 2176 2699 2232 ρ
2717 2176 2746 2218 ε
2764 2153 2826 2218 ύ-

428 2277 697 2320 κεσοιν.
769 2253 1009 2321 Versus
1058 2253 1249 2320 finem
1296 2276 1409 2341 pro
1457 2255 1486 2320 ὃ
1534 2255 1842 2334 βασιλεὺς
1893 2257 1998 2323 καὶ
2048 2257 2341 2323 ἁπάντων
2386 2259 2593 2340 ποιτῆρ
2633 2260 2823 2325 resti-

428 2365 541 2427 tue
587 2361 616 2426 ό
663 2360 970 2440 βασιλεὺς
1020 2360 1314 2427 ἁπάντων
1362 2361 1469 2427 καὶ
1520 2364 1755 2443 πατήρ.

522 2574 585 2642 4.
648 2575 943 2656 Μέμνησο
1006 2601 1098 2656 γο
1118 2578 1217 2642 ῦν.
1288 2575 1551 2644 Rectius
1612 2577 1665 2644 F
1723 2577 1776 2643 δ’
1837 2573 1982 2643 οὖν.
2053 2577 2208 2644 Post
2266 2598 2470 2663 pauca
2527 2575 2666 2658 ἄρτι
2711 2580 2822 2656 τὴν

428 2684 754 2765 πυράγραν
811 2685 855 2748 οἱ
870 2707 917 2748 π
934 2709 961 2750 ο
979 2707 1018 2749 τ
1031 2709 1061 2748 ε
1077 2684 1106 2749 θ
1125 2707 1154 2748 ε
1170 2707 1189 2747 ι
1206 2681 1300 2762 μέ
1317 2707 1347 2747 ν
1365 2706 1392 2749 ο
1410 2709 1461 2748 ν.
1534 2683 1695 2760 Quis
1744 2684 1849 2749 hic
1895 2682 2074 2750 locus
2123 2688 2219 2750 est
2255 2685 2526 2770 perfecto
2545 2682 2572 2750 ’ί
2641 2684 2824 2752 Unus

432 2789 629 2856 codex
671 2793 919 2857 rectum
969 2796 1213 2858 servat:
1265 2791 1310 2855 οἱ
1330 2813 1377 2855 π
1396 2813 1423 2855 ο
1442 2791 1471 2854 θ
1489 2788 1518 2855 ἐ
1534 2814 1585 2869 μ
1603 2815 1633 2855 ε
1653 2815 1683 2855 ν
1701 2813 1799 2856 ον.

519 3001 628 3069 VI.
674 3001 735 3068 1.
780 2999 965 3084 Ἥρα.
1014 3002 1140 3068 Τὸν
1186 3001 1407 3082 Ἰξίονα
1452 3008 1697 3090 τοῦτον,
1747 2999 1790 3068 ὦ
1838 3007 1994 3084 Ζεῦ,
2048 3002 2218 3069 ποῖόν
2262 3025 2402 3068 τινα
2451 3001 2553 3069 τὸν
2597 3001 2818 3084 τρόπον

432 3109 583 3188 ἥγεῖ
623 3106 925 3189 ἄνθρωπον
973 3104 1166 3187 eham

524 3216 699 3288 Ζεύς.
768 3216 1069 3295 Χρηστόν,
1113 3211 1157 3282 ὦ
1199 3214 1365 3298 Ἦροο
1383 3264 1402 3297 ,
1451 3216 1558 3282 καὶ
1605 3216 2000 3294 συμποτικόν.
2079 3216 2181 3282 Ita
2224 3217 2382 3283 haec
2429 3216 2824 3304 distinguere

428 3327 709 3409 praestat
769 3342 963 3409 quam
983 3369 999 3402 ,
1062 3329 1137 3388 ut
1197 3322 1397 3414 vulgo
1462 3321 1573 3402 fit,
1635 3329 1778 3410 post
1845 3325 1994 3403 ἡγεῖ
2050 3324 2275 3391 Iovem
2339 3323 2824 3410 respondentem

428 3429 753 3497 inducere.
2813 3445 2818 3450 ·

522 3643 587 3712 2.
634 3647 705 3710 in
747 3641 907 3710 fine:
956 3644 1031 3710 σὺ
1080 3643 1135 3710 δ’
1174 3645 1359 3716 αὐτὸς
1406 3639 1540 3724 ὅροι
1579 3641 1741 3718 ὃπως
1780 3643 1954 3723 μέτει
1995 3644 2099 3709 τὸν
2145 3641 2356 3724 ἄνδρα.
2419 3641 2786 3710 sexcenties
2805 3690 2822 3722 ,

432 3750 547 3817 ubi
607 3744 768 3823 ὅπως
817 3770 969 3815 cum
1014 3749 1231 3816 futuro
1277 3752 1685 3818 coniunctum
1734 3749 1994 3815 iubentis
2042 3755 2154 3814 aut
2201 3748 2456 3814 vetantis
2501 3753 2598 3814 est
2616 3794 2634 3826 ‚
2683 3743 2790 3828 ὅροι
2805 3797 2824 3833 ,

433 3855 687 3942 σκόπει,
750 3855 1037 3937 Φρόντιζε
1099 3861 1288 3942 atque
1349 3856 1475 3924 alia
1536 3856 1850 3945 ejusmodi
1909 3877 1948 3923 a
2003 3854 2280 3922 librariis
2337 3859 2577 3920 temere
2637 3852 2826 3919 infer-

432 3965 691 4030 ciuntur
710 4010 727 4042 ,
797 3983 965 4049 quae
1020 3964 1217 4029 nimis
1276 3965 1589 4048 patienter
1653 3964 1868 4029 ferunt
1924 3963 2050 4028 viri
2105 3960 2296 4028 docti.
2364 3959 2468 4028 Ad
2533 3963 2824 4026 nostrum

428 4067 643 4136 locum
690 4071 955 4157 egregie
996 4069 1147 4134 facit
1194 4068 1728 4154 Aristophaneum
1775 4067 1941 4135 illud
1995 4068 2158 4153 Equ.
2211 4065 2344 4134 456

1202 4175 1429 4256 χῶπως
1479 4183 1638 4261 κολᾷ
1684 4176 1788 4241 τὸν
1837 4173 2048 4257 ἄνδρα.

526 4386 590 4454 4.
637 4388 705 4453 τί
747 4388 873 4470 γὰρ
920 4385 996 4452 ἂν
1043 4385 1148 4452 καὶ
1197 4386 1413 4462 πάθοις
1463 4386 1647 4454 δεινὸν
1694 4389 1740 4453 οὶ
1760 4387 1855 4454 πὸ
1903 4391 2010 4454 τοῦ
2049 4385 2471 4468 πλάσματοςς
2511 4386 2826 4454 Mundum

432 4515 471 4560 e
518 4493 857 4561 tralaticiis
902 4511 1017 4578 pro
1064 4493 1099 4560 ὑ
1122 4517 1173 4560 π
1192 4491 1245 4560 ό.

2499 4613 2528 4665 Ί
