3436 5161
669 325 802 392 290
1745 341 1984 392 munao.

759 511 900 576 Non
949 530 1254 596 magnam
1299 510 1505 595 igitur
1551 508 1686 574 vim
1736 507 2081 572 indicium:
2138 509 2189 570 0
2228 509 2324 572 vel
2366 531 2399 570 c
2442 508 2673 572 habere
2712 511 2953 591 potest,
3000 509 3055 570 si

665 618 1026 701 quaeritur,
1089 634 1356 701 ecquam
1415 615 1859 679 auctoritatem
1929 613 2161 678 babeat
2222 612 2421 678 altera
2481 633 2727 677 manus.
2797 610 2949 676 Sive
3019 630 3054 674 c

666 721 1054 807 exemplari,
1125 720 1291 785 unde
1338 719 1488 784 libri
1537 719 1614 783 de
1660 739 1728 783 re
1777 719 2035 803 publica
2082 720 2381 803 descripti
2434 725 2618 794 sunt,
2666 738 2782 782 sua
2827 717 3049 792 debet,

665 831 802 893 sive
861 826 972 892 alii
1026 826 1192 891 libro
1219 875 1236 909 ,
1283 845 1448 889 unus
1493 831 1560 890 et
1607 823 1769 889 alter
1815 824 1991 890 locus
2038 826 2153 890 ubi
2200 847 2233 889 c
2280 826 2364 911 (0
2404 827 2499 888 vel
2542 826 2599 910 c)
2648 826 3049 910 agnoscitur,

662 954 787 998 non
827 931 1180 998 convellere
1217 937 1424 1017 potest
1460 930 1777 994 iudicium
1822 930 1899 994 de
1937 928 2000 994 c1
2026 931 2290 996 factum.
2336 930 2433 996 De
2456 950 2580 1015 quo
2614 951 2759 994 cum
2786 927 3051 994 Pfaffius

663 1040 1030 1123 pronuntiat
1069 1058 1132 1123 p.
1179 1036 1299 1100 13:
1349 1039 1725 1118 „sescenties
1766 1036 2055 1124 singulas
2101 1057 2285 1102 voces
2335 1043 2591 1121 totaque
2638 1039 2965 1102 enuntiata
3011 1055 3048 1102 a

660 1144 921 1209 librario
980 1162 1308 1228 perperam
1373 1144 1608 1226 scripta
1671 1163 1787 1208 nec
1850 1163 1887 1206 a
1932 1164 1967 1207 c
2017 1150 2293 1208 correcta
2338 1163 2375 1208 a
2422 1141 2485 1207 c1
2534 1143 2869 1208 emendata
2914 1163 3048 1206 esse

662 1248 986 1334 apparet”‚
1033 1269 1140 1312 me
1186 1248 1378 1312 habet
1419 1250 1901 1332 assentientem3
1945 1248 2113 1333 quod
2156 1257 2371 1314 autem
2416 1249 2630 1314 addit:
2678 1247 3049 1333 „complura

659 1358 954 1442 graviora
1001 1354 1232 1419 menda
1278 1374 1314 1417 a
1361 1354 1416 1416 c⁸
1472 1355 1538 1416 in
1587 1353 1870 1418 codicem
1923 1353 2297 1418 Vaticanum
2352 1353 2533 1419 illata
2572 1354 2739 1420 esse”
2777 1355 2897 1419 hoc
2936 1357 3045 1421 vix

659 1483 807 1526 cum
872 1461 1301 1545 superioribus
1369 1458 1692 1525 conciliari
1758 1467 1965 1544 potest
2030 1468 2095 1525 et
2158 1467 2325 1526 certe
2385 1481 2508 1525 non
2580 1461 3047 1525 demonstratur

658 1566 968 1651 exemplis
1037 1571 1106 1631 in
1169 1565 1390 1630 eadem
1454 1568 1689 1652 pagina
1752 1565 1966 1631 allatis
2073 1565 2289 1630 Unum
2350 1572 2603 1630 tantum
2673 1573 2769 1630 est
2814 1569 2883 1630 in
2928 1568 3043 1641 iis,

658 1673 824 1757 quod
889 1693 965 1736 ex
1031 1674 1290 1758 ingenio
1353 1670 1594 1736 librarii
1665 1672 2019 1756 profectum
2083 1672 2287 1736 videri
2353 1670 2576 1736 debeat
2646 1671 2726 1757 (Ι.
2805 1670 2920 1757 22)
2972 1673 3041 1757 ¹).

657 1777 1148 1842 Emendationes
1195 1797 1272 1842 ex
1323 1777 1486 1842 bono
1535 1777 1747 1841 codice
1795 1777 1998 1842 factae
2046 1776 2292 1842 multae
2337 1785 2489 1841 sunt
2534 1783 2599 1842 et
2622 1776 2817 1842 dubio
2842 1779 3043 1842 maio-

617 1901 622 1906 ·
659 1902 788 1958 res,
860 1903 1096 1968 paucae
1144 1889 1364 1946 contra
1410 1903 1569 1967 quae
1616 1888 1831 1948 notam
1886 1885 2257 1948 temerariae
2303 1885 2681 1948 mutationis
2728 1885 2792 1948 in
2840 1883 3045 1948 fronte

655 1994 917 2075 gerant3
959 1987 1231 2073 singulis
1270 1986 1426 2052 locis
1465 1987 1819 2053 videndum
1858 1995 1989 2071 est,
2033 1991 2109 2053 ad
2148 1996 2365 2053 utrum
2407 2009 2609 2075 genus
2634 1991 3044 2054 correctiones

655 2097 786 2159 sint
833 2095 1224 2170 referendae,
1275 2093 1366 2158 sic
1413 2101 1627 2158 tamen
1677 2100 1750 2158 ut
1797 2095 2059 2178 reliquis
2108 2095 2365 2179 paribus
2412 2098 2616 2160 maior
2668 2097 2753 2160 sit
2816 2115 3041 2160 manus

655 2199 756 2264 2ειθ
797 2203 1160 2266 auctoritas.
2361 2259 2365 2264 .

748 2304 1218 2392 Orthographia
1263 2304 1451 2370 hodie
1499 2315 1749 2389 recepta
1798 2305 1925 2370 fere
1974 2303 2309 2370 collatione
2356 2305 2561 2370 Mavii
2609 2305 3037 2371 confirmatur.

656 2409 1164 2499 Orthograpbiae
1226 2414 1537 2476 rationem
1603 2411 1930 2488 Moserus,
1990 2418 2065 2475 ut
2111 2412 2247 2496 ipse
2294 2414 2419 2488 ait,
2467 2414 2935 2479 immutaverat·
2974 2420 3039 2477 et

653 2518 1242 2585 accommodaverat
1308 2517 1386 2583 ad
1451 2537 1589 2583 eam
1643 2537 1927 2583 normam
1952 2563 1968 2595 ,
2018 2537 2179 2602 quae
2224 2519 2292 2582 in
2338 2520 2603 2603 optimis
2652 2518 3037 2585 editionibus

652 2632 794 2691 tum
853 2625 1201 2690 obtinebat.
1283 2622 1612 2688 Moser-um
1675 2624 1765 2687 in'
1805 2626 2033 2708 primis
2095 2622 2372 2689 Orellius
2429 2632 2684 2690 secutus
2733 2632 2831 2691 est
2877 2624 3033 2712 (vid.

653 2730 846 2797 Orell.
897 2731 972 2796 ed
1020 2732 1231 2816 prima
1278 2750 1339 2813 p.
1391 2728 1570 2815 413).
1645 2727 2007 2805 Scribendi,
2057 2731 2303 2813 inquit,
2343 2730 3033 2819 rationemvulgarem

648 2836 922 2924 praetuli
969 2838 1064 2919 ei,
1128 2856 1317 2920 quam
1385 2834 1578 2899 codex
1626 2834 2077 2919 palimpsestus
2126 2834 2403 2899 exhibet.
2474 2836 2824 2902 Molestum
2885 2856 3035 2924 ergo

647 2945 982 3031 negotium
1029 2939 1291 3025 reliquit
1338 2939 1606 3016 aimo,
1653 2943 1766 3024 qui
1814 2962 1960 3004 cum
2008 2942 2076 3004 in
2124 2940 2532 3019 conferendo,
2581 2950 2654 3006 ut
2699 2964 2812 3027 par
2862 2950 3030 3025 erat,

651 3047 1038 3113 Orellianam
1084 3048 1356 3131 primam
1410 3064 1572 3110 anno
1628 3043 1799 3109 1858
1848 3046 2210 3130 adhiberet,
2255 3049 2322 3111 in
2370 3047 2555 3112 rebus
2594 3049 3031 3136 orthographi-

644 3158 736 3221 cis
797 3152 1090 3219 notandis
1154 3155 1406 3217 tertiam
1479 3152 1608 3216 fere
1671 3150 1906 3216 laboris
1952 3159 2195 3236 partem
2245 3152 2551 3219 collocare
2600 3163 2853 3220 coactus
2900 3165 3030 3238 est,

644 3282 790 3325 cum
855 3258 1132 3346 singulis
1194 3257 1383 3334 locis,
1448 3257 1560 3321 ubi
1623 3260 1817 3335 tacite
1886 3258 2175 3323 Moserus
2236 3266 2299 3323 et
2360 3257 2638 3325 Orellius
2693 3259 3028 3326 lectionem

643 3366 934 3432 Vaticani
998 3370 1438 3441 mutaverant,
1489 3384 1628 3429 eam
1680 3364 1915 3429 diserte
1962 3364 2257 3430 habuerit
2311 3365 2812 3432 memorandam.
2883 3366 3029 3433 Rie-

644 3475 826 3539 vium
864 3473 1238 3536 recentiores
1279 3473 1480 3534 secuti
1521 3476 1706 3547 sunt,
1740 3468 2045 3535 Halmius
2083 3470 2149 3534 in
2184 3469 2507 3536 Orelliana
2541 3472 2851 3558 secunda,
2894 3472 3025 3538 alii.

643 3577 869 3663 Itaque
916 3596 1040 3641 non
1089 3583 1329 3639 certam
1377 3576 1694 3659 quandam
1747 3596 2037 3641 normam
2086 3578 2289 3642 secuti
2336 3585 2487 3642 sunt
2524 3578 2632 3643 sed
2672 3598 3025 3663 repraesen-

641 3687 860 3750 tarunt
917 3682 1221 3747 lectiones
1290 3681 1545 3747 codicis.
1625 3679 1733 3746 Sic
1790 3684 2161 3765 compulisset
2223 3681 2271 3746 I.
2339 3683 2372 3746 1
2398 3731 2416 3767 ,
2462 3706 2905 3749 commemorare
2954 3685 3027 3763 1,

641 3790 961 3857 communie
1013 3789 1044 3852 l
1098 3794 1163 3853 et
1209 3788 1318 3872 27,
1367 3788 1652 3869 columma
1701 3788 1741 3849 4
1762 3833 1779 3864 ‚
1826 3788 2145 3871 compluris
2196 3786 2277 3851 13
2329 3826 2411 3837 -
2460 3797 2525 3855 et
2570 3792 2897 3855 conlocavit
2925 3791 3027 3875 17,

639 3895 936 3961 conlocuti
999 3892 1085 3960 18
1103 3944 1122 3979 ,
1185 3899 1598 3957 conmutantur
1657 3890 1777 3971 69;
1843 3894 2298 3975 appellaverunt
2361 3893 2445 3958 41
2469 3941 2486 3971 ,
2550 3896 2851 3979 appellari
2907 3894 2993 3962 48
3010 3942 3025 3971 ,

641 4006 852 4069 attulit
901 4002 988 4067 65
1038 4038 1125 4051 --
1171 4014 1236 4066 et
1281 4001 1626 4084 adpetentia
1672 3998 1713 4063 2
1735 4046 1752 4076 ,
1802 4000 2073 4064 adtinere
2122 4000 2243 4086 153
2294 4002 2524 4087 aspexit
2580 4001 2662 4068 17
2704 4009 2771 4068 et
2810 4024 3026 4069 rursus

709 4212 762 4278 1)
801 4214 871 4260 De
905 4227 1000 4275 qno
1039 4211 1144 4259 loco
1161 4226 1257 4259 non
1293 4210 1526 4259 assentior
1561 4208 1807 4257 Strclitzio
1840 4225 1886 4273 p.
1925 4209 2019 4268 92,
2060 4210 2143 4273 qui
2178 4210 2279 4259 fere
2310 4210 2381 4260 ita
2415 4210 2757 4263 ratiocinatur-z
2793 4214 3025 4263 correctio

641 4298 713 4343 est
742 4294 929 4358 inepta,
964 4294 1128 4357 itaque
1163 4308 1259 4341 non
1293 4290 1429 4340 debet
1464 4290 1690 4340 librarius
1724 4290 1854 4339 credi
1887 4304 1992 4338 eam
2024 4306 2080 4339 ex
2111 4292 2305 4357 ingenio
2338 4292 2514 4343 fecisse.
2570 4294 2615 4341 N
2620 4310 2647 4341 e
2679 4310 2855 4359 parum
2889 4295 3029 4345 libra·

639 4376 736 4426 rios
771 4376 906 4425 novit
938 4375 1021 4439 qui
1055 4374 1315 4439 quidquam
1347 4373 1491 4423 nimis
1523 4373 1728 4423 stultum
1763 4376 1926 4438 putet,
1966 4376 2021 4422 ut
2052 4374 2307 4425 credantur
2340 4376 2640 4425 committere
2672 4376 2909 4441 potuis-Q
2944 4394 3027 4427 nec

641 4458 754 4510 alibi
787 4457 1104 4509 contendisset
1139 4456 1188 4509 S.
