3436 5161
681 325 811 390 146
1667 341 2066 392 mono-rus.

767 507 901 574 VII
950 509 1080 576 100
1124 511 1267 576 init.
1324 511 1671 586 ἐπεθύμησε
1700 509 2019 593 '(Xerxes)
2067 508 2256 580 αὐτός
2301 512 2508 588 σφεας
2555 505 3064 584 διεξελάσας

676 617 1031 694 θεήσασθαι.
1088 617 1213 698 Qui
1254 636 1483 701 quaeso
1531 617 1652 682 hoc
1696 615 1832 681 fieri
1880 612 2130 700 potuit?
2177 615 2496 681 Audacter
2544 614 2810 679 emenda
2858 612 3064 690 διεξ-

673 737 758 788 ελ
778 747 821 788 α
842 722 875 787 ύ
896 747 983 788 νω
1004 747 1068 807 ν,
1158 727 1270 799 aut
1356 721 1493 788 dele
1581 723 1992 811 participium
2059 741 2182 787 non
2250 723 2675 786 necessarium
2741 721 2821 786 ob
2885 740 3019 805 sqq.
3045 710 3073 785 τ’

675 828 846 905 μετὰ
918 828 981 894 δὶ
1052 829 1253 894 ἐποίεε
1325 833 1579 912 ταῦτα,
1652 828 1756 892 καὶ
1820 826 2364 904 διεξελαύνων
2423 827 2522 892 ἐπ’
2583 823 2866 907 ἅρματος
2913 827 3062 906 παρ’

676 932 831 1006 ἔθνος
878 932 943 1000 ἓν
988 931 1245 1002 ἕκαστον
1297 933 1660 1000 ἐπυνθάνετο
1708 935 1838 1000 κτὲ.

760 1177 895 1244 VII
946 1177 1069 1244 101
1122 1185 1281 1245 extr.
1327 1179 1459 1260 φας
1511 1177 1679 1244 οὐδέν
1723 1180 1776 1243 οἱ
1816 1177 2173 1259 ἀηδέστερον
2212 1175 2452 1245 ἔσεσθαι
2499 1179 2565 1264 [ἢ
2611 1176 2890 1259 πρότερον
2932 1175 3052 1262 bv}

672 1283 964 1351 Tollatur
1009 1287 1179 1353 iners
1225 1285 1766 1371 supplementum.

756 1527 885 1593 VII
936 1527 1094 1606 102,
1148 1527 1185 1593 1
1248 1530 1431 1608 ἀρετὴ
1500 1528 1562 1593 δὲ
1622 1527 1893 1600 ἔπακτός
1955 1527 2125 1604 ἐστι,
2191 1526 2356 1593 ἀπό
2417 1551 2488 1592 τε
2543 1529 2763 1607 σοφίης
2829 1552 3050 1609 κατερ-

666 1635 952 1713 γασμένη
1004 1636 1106 1699 καὶ
1160 1635 1340 1711 νόμου
1387 1636 1658 1714 ἰσχυροῦ.
1724 1633 2002 1720 Requiro
2049 1632 2219 1699 ὑπό.
2272 1671 2354 1682 -
2404 1633 2650 1700 Ibidem
2701 1635 2737 1720 ᾗ
2783 1633 2827 1698 2
2875 1635 3049 1701 αἰνέω

668 1739 782 1818 μέν
828 1763 927 1804 νυν
976 1741 1222 1812 πάντας
1272 1741 1410 1812 τοὺς
1456 1738 1775 1814 Ἕλληνας
1823 1740 1962 1812 τοὺς
2011 1740 2143 1820 περὶ
2195 1740 2448 1813 ἐκείνους
2489 1741 2629 1812 τοὺς
2677 1740 3040 1826 [Δωρικοὺς]

660 1849 892 1926 χώρους
943 1847 1329 1924 οἰκημένους,
1377 1845 1639 1926 ἔρχομαι
1686 1847 1749 1911 δὲ
1797 1845 1986 1924 λέξων
2030 1882 2120 1896 --
2165 1846 2298 1926 περ)
2343 1845 2851 1922 Λακεδαιμονίων
2895 1845 3043 1922 μού·
3139 1887 3144 1890 -

663 1976 771 2016 νων
821 1953 950 2018 κτὲ.
992 1952 1199 2019 Valde
1244 1959 1609 2038 suspectum
1658 1953 1860 2018 habeo
1907 1952 2293 2020 vocabulum
2345 1954 2644 2032 Δωρικούς
2698 1973 2848 2018 cum
2897 1955 3048 2036 quia

664 2057 905 2124 Xerxes
964 2059 1379 2124 Demaratum
1442 2061 1623 2124 cuius
1684 2059 1840 2123 haec
1900 2067 1997 2124 est
2056 2061 2255 2124 oratio
2317 2059 2394 2124 de
2443 2060 2739 2124 omnibus
2787 2057 3049 2126 Graecis

664 2160 1001 2230 Graeciam
1049 2167 1298 2250 proprie
1346 2167 1438 2230 sic
1487 2165 1722 2230 dictam
1763 2161 2188 2230 incolentibus
2224 2166 2726 2251 interrogaverat
2745 2212 2762 2243 ‚
2803 2185 2927 2230 non
2967 2165 3046 2231 de

667 2269 817 2335 solis
878 2269 1388 2357 Peloponnesiis,
1462 2281 1597 2334 tum
1660 2270 1830 2355 quod
1887 2274 2024 2356 ipse
2084 2270 2464 2335 Demaratus
2509 2271 2726 2357 paullo
2774 2278 2919 2338 ante
2967 2272 3047 2338 de

664 2383 799 2442 tota
860 2375 1128 2443 Graecia
1194 2377 1440 2443 dixerat
1501 2386 1577 2458 τῇ
1639 2375 1908 2442 Ἐλλάδι
1971 2378 2145 2451 πενίη
2191 2377 2304 2454 μὲν
2351 2375 2475 2442 αἰεί
2519 2399 2660 2442 κοτε
2711 2375 3045 2459 σύντροφός

662 2481 754 2551 ἕςι
804 2483 934 2548 κτέ.
983 2482 1189 2563 Quare
1235 2483 1505 2549 dubium
1554 2503 1677 2549 non
1722 2488 1817 2550 est
1863 2485 2018 2568 quin
2056 2484 2311 2555 ἐκείνους
2353 2481 2492 2555 τοὺς
2532 2484 2762 2564 χώρους
2803 2489 3046 2569 spectet

662 2586 994 2655 Graeciam
1036 2593 1396 2656 universam
1437 2598 1501 2656 et
1551 2590 1851 2672 Δωρικούς
1897 2592 1983 2655 sit
2028 2610 2398 2676 perversum
2443 2590 2626 2657 scioli
2666 2593 3041 2676 interpreta-

662 2702 977 2762 mentum.
1046 2694 1195 2761 Alia
1240 2702 1446 2762 tentat
1492 2696 1706 2763 Nabar
1751 2716 1943 2783 supra
1987 2717 2135 2785 pag.
2191 2695 2297 2765 ¹75.

748 2938 865 3005 VH
916 2936 1043 3006 103
1109 2940 1213 3005 καὶ
1263 2939 1400 3006 ίοιεν
1449 2936 1944 3020 αναγκαζόμενοι
1989 2938 2350 3022 μάστιγι
2401 2940 2462 3011 ἐς
2509 2944 2784 3013 πλεῦνας
2836 2939 3033 3007 ε’λοὶσ-

653 3067 818 3118 σονες
883 3044 1103 3117 ἐόντες.
1167 3045 1405 3112 Verum
1468 3048 1726 3113 videtur
1787 3045 2157 3124 μάστιξι.
2211 3046 2308 3119 Of.
2357 3045 2486 3112 VII
2533 3044 2642 3111 35.
2695 3046 2802 3113 56.
2878 3046 3036 3113 Mox

650 3154 718 3217 in
778 3154 990 3235 verbis
1054 3153 1233 3217 δοκέω
1298 3154 1357 3217 δὲ
1414 3148 1619 3232 ἔγωγε
1671 3154 1804 3218 καὶ
1853 3153 2408 3223 ἀνισωθέντας
2459 3154 2682 3228 πλήθεΐ
2725 3140 3031 3234 χαλεπῶς

652 3256 730 3321 ἂν
786 3256 1105 3332 Ἕλληνας
1152 3258 1410 3339 Πέρσησι
1459 3260 1725 3337 μούνοισι
1775 3259 2098 3341 μάχεσθαι
2151 3260 2298 3327 vide
2345 3281 2424 3325 an
2469 3259 2694 3325 literae
2721 3262 2832 3326 'sic
2879 3260 3033 3326 diri-

650 3363 918 3429 mendae
988 3367 1116 3429 sint
1183 3373 1257 3430 ut
1326 3366 1640 3431 scribatur
1710 3366 1815 3432 καὶ
1883 3367 1959 3432 ἂν
2023 3365 2196 3452 (κᾶν)
2261 3366 2732 3439 ἱσωθέντας.
2803 3364 3032 3433 Graeci

650 3468 813 3533 ἴσοῦν
860 3475 923 3535 et
968 3467 1198 3545 ἐξισοῢν
1247 3472 1452 3537 dicere
1498 3472 1734 3549 solent,
1786 3472 1896 3539 sed
1943 3474 2181 3537 ἀνισοῦν
2230 3492 2559 3559 perrarum
2609 3481 2725 3539 est.
2799 3471 3031 3556 Dupli-

650 3581 827 3642 catae
885 3576 1237 3662 particulae
1295 3577 1372 3643 ἄν
1436 3576 1729 3663 exempla
1787 3578 1966 3645 dabit
2027 3576 2632 3672 Schweighaiiserus
2692 3580 2762 3642 in
2827 3577 3028 3643 lexico

648 3701 713 3766 p.
765 3680 853 3747 32
902 3682 974 3749 Β.

677 3924 683 3931 ’
736 3928 856 3997 VH
918 3929 1079 4013 104,
1140 3928 1200 3995 3.
1276 3922 1329 3995 οἳ
1398 3932 1709 4005 Ἑλλήνων
1775 3924 2038 4002 ἕκαστός
2110 3935 2263 4011 φησι
2334 3924 2517 4018 (Cob.
2591 3930 2780 4015 φασι)
2855 3934 3026 4013 τριῶν

648 4034 873 4115 ἄξιος
932 4034 1106 4103 εἶναι.
1172 4038 1383 4103 Nabar
1428 4040 1693 4103 coniecit
1739 4036 2046 4113 ἀντάξιος.
2097 4035 2194 4102 Of.
2245 4035 2315 4101 II
2373 4034 2516 4101 146.
2567 4036 2693 4102 VII
2747 4036 2893 4103 103.
2955 4036 3025 4101 Si

642 4164 823 4220 vere,
898 4143 1070 4209 idem
1141 4142 1526 4209 vocabulum
1594 4143 2062 4209 restituendum
2124 4143 2158 4207 I
2223 4140 2310 4207 32
2374 4148 2438 4207 et
2500 4141 2618 4207 VII
2677 4142 2786 4207 21.
2858 4142 3025 4207 Cum

649 4251 860 4318 verbis
906 4249 1314 4334 sequentibus
1361 4247 1573 4314 ἔπεστι
1622 4249 1748 4327 γάρ
1795 4256 1911 4329 σφι
1963 4247 2265 4323 δεσπότης
2309 4249 2485 4327 νόμος
2526 4252 2629 4313 τὸν
2671 4248 3027 4325 ὑποδειμαί-

657 4378 815 4421 νουσι
874 4357 1084 4436 πολλῷ
1134 4352 1225 4419 ἔτι
1270 4358 1518 4433 μᾶλλον
1566 4353 1601 4429 ἢ
1651 4356 1701 4419 οἱ
1751 4353 1841 4418 σο)
1891 4352 1962 4418 σέ
2008 4360 2422 4440 componatur
2465 4352 2732 4419 Periclis
2779 4354 3023 4419 dictum

654 4460 824 4547 apud
883 4459 1079 4527 Thuc.
1145 4460 1209 4527 II
1267 4460 1389 4539 37,
1438 4458 1480 4525 3
1541 4460 1628 4526 τὰ
1668 4458 1936 4537 δημόσια
1982 4460 2083 4525 διὰ
2131 4460 2257 4533 δέος
2303 4460 2596 4538 μάλιστα
2642 4462 2710 4527 οὔ
2757 4483 3024 4541 παρανο-
