3436 5161
662 367 797 434 298
1731 387 1974 438 monuo.

657 553 1084 615 iustissimum
1143 556 1298 617 erat.
1388 552 1700 617 Inventum
1762 573 1947 638 saepe
1991 573 2029 618 a
2084 551 2387 620 Cicerone
2436 553 2835 621 substantive
2878 555 3054 638 posi·

663 661 802 720 tum
869 655 1258 722 adiectivum
1312 658 1480 742 apud
1527 657 1718 722 illum
1766 678 1891 724 non
1937 659 2267 744 adsciscit,
2317 659 2427 724 sed
2471 666 2681 744 potest
2723 659 2793 723 id
2840 659 3051 724 faeere

662 761 742 826 ad
787 781 1074 826 normam
1123 761 1418 828 vocabuli
1463 764 1688 828 dietum
1730 769 1799 830 et
1843 765 2155 850 aliorum,
2206 765 2286 831 de
2332 766 2566 851 quibus
2610 765 2691 832 cf.
2738 765 3051 853 Naegels-

663 865 820 932 bach
842 915 858 945 ,
923 865 1204 932 Stilistik
1268 871 1304 954 ξ
1352 867 1460 934 28.
1545 865 1679 934 Cic.
1744 869 1848 935 Or.
1900 869 1979 936 ΙΙ.
2028 869 2163 936 219
2215 869 2420 950 „illud
2465 871 2745 937 facetum
2792 871 3047 937 dictum

661 975 967 1038 emissum
1028 973 1294 1038 haeret”.
1383 974 1562 1040 Fam.
1626 975 1680 1040 1.
1742 974 1804 1040 9.
1870 975 1993 1042 21:
2062 976 2357 1054 „nullum
2421 997 2641 1042 meum
2690 978 3049 1042 minimum

661 1077 974 1143 dictum”.
1009 1115 1094 1126 -›-
1137 1079 1440 1165 „Aliquid
1480 1083 1648 1146 iuste
1687 1081 2017 1147 invenire”
2052 1082 2239 1168 plane
2272 1083 2548 1150 insolens
2581 1089 2697 1148 est.
2768 1082 2865 1148 De
2908 1088 3049 1147 iure

661 1184 934 1269 quodam
977 1191 1044 1250 et
1079 1191 1239 1250 iusto
1278 1187 1566 1252 discretis
1613 1207 1684 1252 ac
1734 1187 2004 1256 diversis
2050 1189 2320 1254 subinde
2364 1190 2443 1256 cf.
2494 1189 2606 1255 111.
2652 1189 2739 1255 50
2757 1237 2775 1269 ,
2815 1189 3043 1256 Halm.

753 1397 790 1480 ξ
859 1394 945 1461 33
1033 1403 1435 1484 „temporum
1521 1397 1784 1464 illorum
1866 1405 2118 1466 tantum
2206 1401 2336 1466 fere
2420 1419 2649 1490 regum
2718 1399 3049 1468 illustrata

659 1509 809 1567 sunt
863 1502 1168 1568 nomina'’
1227 1507 1526 1588 perplexa
1585 1503 2005 1570 collocatione
2065 1506 2403 1572 verborum
2460 1506 2715 1572 dicitur.
2791 1504 3047 1570 Tantam

659 1615 803 1694 post
859 1631 1060 1690 requam
1122 1608 1466 1675 collocetur
1481 1658 1496 1688 ‚
1561 1610 1604 1673 i.
1631 1630 1688 1676 e.
1748 1631 1929 1698 reges
1990 1617 2351 1697 temporum
2412 1611 2672 1677 illorum
2734 1611 2865 1678 fere
2916 1611 3043 1678 soli

659 1712 1112 1779 inclaruerunt.
1181 1713 1447 1800 Saepius
1493 1714 1871 1781 offendimus
1914 1715 2079 1782 illud
2126 1720 2360 1782 vitium
2403 1717 2471 1781 in
2509 1717 2629 1782 hoe
2668 1716 2917 1802 codice;
2958 1717 3041 1785 of.

659 1821 696 1904 ᾖ
746 1819 832 1883 30
879 1827 942 1884 et
987 1839 1146 1904 quae
1191 1841 1382 1905 supra
1427 1821 1506 1886 ad
1563 1823 1600 1906 ξ
1643 1821 1685 1885 2
1733 1821 1947 1887 attuli.
2020 1823 2264 1888 Tantum
2304 1823 2411 1910 (=
2430 1823 2853 1909 tantummodo)
2892 1843 3044 1887 cum

659 1925 936 2010 pertinet
979 1926 1058 1990 ad
1105 1925 1372 1990 verbum
1423 1929 1832 2012 praeponitur
1870 1931 1921 2013 (t
1945 1976 1960 1991 .
1986 1931 2146 2007 dico,
2188 1951 2419 1999 moneo,
2466 1927 2653 2014 alia),
2693 1929 2771 1993 ad
2808 1949 3046 1994 nomen

662 2030 937 2096 relatum
979 2031 1324 2116 utrubique
1361 2031 1743 2111 collocatur,
1784 2033 1893 2099 sed
1932 2034 2051 2100 hoc
2090 2035 2345 2120 quidem
2374 2032 2513 2100 loco
2553 2041 2869 2118 ate-raporum
2906 2035 3045 2098 dlo-

659 2159 792 2201 rum
829 2139 1023 2202 nimie
1069 2158 1108 2202 a
1155 2137 1590 2217 substantivo,
1637 2140 1806 2204 unde
1851 2141 2119 2225 pendet,
2168 2141 2513 2206 dirimitur.

755 2349 862 2418 36.
937 2349 1222 2428 „Deinde
1271 2353 1622 2435 equitatum
1667 2351 1749 2416 ad
1785 2351 1955 2416 hunc
1994 2372 2237 2418 morem
2277 2353 2643 2426 constituit.
2684 2355 2795 2437 qui
2842 2373 3047 2438 usque

663 2458 868 2523 adhuc
930 2464 1028 2523 est
1089 2463 1407 2534 retentus3
1459 2475 1572 2521 nec
1616 2457 1829 2541 potuit
1874 2452 2257 2522 Titiensium
2308 2465 2373 2523 et
2419 2457 2929 2524 Rhamnensium
2976 2466 3047 2524 et

660 2564 976 2629 Lucerum
1028 2571 1311 2640 mutare,
1359 2583 1506 2628 cum
1555 2568 1849 2648 cuperet,
1888 2566 2184 2647 nomina,
2225 2555 2395 2649 quod
2434 2571 2655 2629 auctor
2688 2567 2748 2630 ei
2786 2586 3045 2631 summa

657 2690 866 2757 augur
926 2669 1132 2756 gloria
1189 2673 1381 2733 Attus
1443 2668 1688 2734 Navius
1750 2689 1871 2735 non
1919 2678 2073 2735 erat.
2150 2672 2385 2757 [Atque
2430 2674 2627 2735 etiam
2674 2671 3042 2737 Corinthios

657 2776 843 2841 video
905 2775 1178 2861 publicis
1240 2777 1416 2859 equis
1477 2775 1888 2862 adsignandis
1952 2784 2017 2841 et
2075 2776 2313 2841 alendis
2358 2778 2656 2842 orborum
2707 2788 2773 2842 et
2820 2779 3043 2843 vidua·

657 2902 802 2945 rum
866 2880 1126 2945 tributis
1187 2881 1380 2945 fuisse
1441 2882 1757 2963 quondam
1826 2881 2201 2968 diligentis]
2288 2880 2414 2946 Sed
2462 2890 2679 2948 tamen
2724 2883 3043 2969 prioribus

659 2989 948 3073 equitum
1008 2988 1296 3072 partibus
1356 2986 1645 3051 secundis
1692 2986 1927 3052 additis
1974 2984 2273 3054 MDCCC
2319 2988 2472 3053 fecit
2518 2992 2765 3074 equites
2810 3010 3041 3055 nume-

657 3114 930 3176 rumque
977 3091 1383 3177 duplicavit”.

749 3200 956 3264 Nemo
1021 3198 1275 3263 videtur
1333 3197 1642 3263 vocabula
1700 3198 1961 3263 inducta
2014 3200 2081 3263 in
2144 3201 2563 3284 suspitionem
2626 3220 2889 3278 vocare,
2932 3200 3045 3266 sed

660 3324 808 3371 vere
857 3308 982 3368 iam
1032 3303 1383 3368 Frauokius
1428 3304 1594 3388 apud
1642 3302 1969 3369 Moserum
2021 3302 2186 3369 libro
2232 3310 2297 3369 a⁰
2350 3306 2525 3372 1824
2563 3304 2834 3371 Slesvioi
2870 3306 3045 3371 edito

657 3411 1100 3496 perturbatum
1166 3408 1379 3474 locum
1445 3410 1643 3493 vidit,
1707 3430 1933 3475 verum
1987 3418 2211 3490 ,tamen
2274 3412 2560 3478 ordinem
2624 3432 2770 3478 cum
2828 3412 3046 3498 aliqua

660 3513 1110 3600 probabilitate
1173 3516 1505 3579 restituere
1566 3534 1688 3579 non
1755 3518 1813 3579 ei
1872 3518 2208 3599 suecessit,
2275 3538 2389 3581 nec
2434 3520 2659 3602 opinor
2702 3517 2849 3583 aliis
2894 3536 3045 3583 oon·

660 3624 906 3709 tinget,
968 3641 1114 3684 nam
1179 3623 1566 3685 mutationes
1633 3641 1757 3686 non
1828 3624 2097 3708 exiguae
2165 3642 2281 3687 nec
2352 3642 2589 3707 paucae
2654 3626 3044 3689 necessariae

660 3736 828 3793 sunt.
901 3724 1137 3793 Contra
1195 3732 1455 3811 apparet
1517 3727 1730 3793 verbis
1788 3729 1931 3792 istis
1994 3730 2254 3793 remotis
2314 3732 2557 3813 optime
2612 3729 2858 3814 reliqua
2906 3732 3045 3796 sine

659 3834 797 3899 ulla
832 3836 1187 3899 mutatione
1221 3834 1585 3898 cohaerere:
1633 3854 1795 3910 „non
1838 3836 2049 3919 potuit
2087 3840 2337 3899 mutare
2368 3838 2654 3908 nomina,
2686 3835 2794 3900 sed
2820 3838 3047 3921 priori·

587 3958 590 3960 ’
661 3943 780 4005 bus
815 3938 1207 4005 Titiensibus
1245 3942 1618 4023 posteriores
1661 3938 1970 4004 addidit”.
2022 3940 2209 4005 Nunc
2247 3942 2354 4003 ced
2386 3948 2579 4004 comm
2620 3940 2807 4027 plane
2836 3940 3047 4007 aliena

662 4052 848 4111 sunt:
889 4044 1184 4110 aluerunt
1223 4045 1502 4128 equites,
1551 4045 1660 4109 sed
1709 4051 1921 4109 tamen
1972 4048 2153 4110 auxit
2195 4066 2538 4111 numerum
2585 4049 2899 4131 equitum.
2964 4047 3044 4111 In

663 4153 954 4237 margine
1013 4153 1138 4215 ista
1198 4150 1515 4235 adscripta
1573 4158 1722 4215 sunt
1784 4172 1819 4216 a
1879 4154 2088 4217 nescio
2133 4172 2279 4237 quo·
2349 4150 2511 4217 Rem
2564 4152 2866 4218 traditam
2916 4173 3044 4218 non

663 4263 760 4322 est
820 4256 986 4341 quod
1051 4258 1118 4320 in
1177 4256 1442 4321 dubium
1509 4276 1826 4322 vocemus.
1918 4256 2131 4322 Verba
2194 4276 2444 4343 quoque
2488 4262 2626 4343 ipsa
2671 4276 2795 4324 non
2842 4258 3046 4325 libera

662 4369 812 4427 sunt
872 4361 1248 4438 offensione3
1312 4364 1550 4426 mirum
1612 4365 1785 4427 enim
1833 4369 1957 4427 est:
2015 4363 2431 4451 „diligentem
2482 4382 2615 4429 esse
2664 4362 2857 4429 alicui
2902 4363 3045 4429 rei”

663 4489 778 4556 pro
845 4467 1210 4552 „sufficere”
1275 4488 1530 4553 „parem
1592 4467 1781 4545 esse'',
1844 4490 1924 4535 ne
1986 4470 2117 4534 iam
2180 4470 2388 4535 dicam
2444 4490 2671 4556 parum
2719 4469 3043 4560 elegantes
