3436 5161
601 317 750 382 -104
1296 380 1303 391 ,
1568 337 1653 383 An
1700 335 2048 384 Lucanum.

618 498 715 566 ἵνα
780 501 868 578 μὴ
927 500 1137 577 μάτην
1190 499 1323 586 [ἂν]
1372 500 1559 572 ἐνίους
1606 499 2127 583 ἐθεράπευον.
2200 501 2583 568 Rectissime
2627 498 3009 568 Herwerde-

614 628 737 674 nus
796 608 1178 694 particulam
1242 611 1571 693 expunxit.
1683 607 1808 674 Sed
1871 614 2194 694 praeterea
2255 608 2461 674 scribe
2525 606 3007 688 ἐθεραπεύο-

617 737 780 791 μεν.
874 713 1117 802 Relege
1176 713 1391 780 locum
1446 720 1511 779 et
1573 714 1823 782 videbis
1883 736 2008 781 non
2057 716 2135 781 de
2181 736 2249 780 se
2295 715 2432 800 ipso
2478 713 2728 800 solum,
2773 714 2885 782 sed
2929 713 3008 780 de

618 821 915 887 omnibus
960 821 1389 906 captatoribus
1436 820 1594 887 haec
1642 821 1849 888 dicere
1896 820 2330 907 rPerpsionem.

710 1033 769 1100 3.
820 1035 885 1101 τί
931 1033 1226 1105 παθόντες
1275 1034 1618 1114 άλλοτρίοις
1670 1035 1800 1100 ἐπι
1817 1035 1976 1117 χαί
1992 1059 2209 1113 νετες
2258 1034 2386 1102 Vix
2425 1035 2609 1102 credo
2647 1035 3008 1101 Lucianum

615 1140 923 1209 vocabulo
971 1146 1107 1207 tam
1155 1139 1425 1221 άδοκίμῳ
1476 1161 1667 1206 usum
1715 1163 1869 1208 esse.
1943 1141 2125 1222 Quod
2165 1141 2218 1208 B
2243 1140 2295 1207 Ο
2337 1141 2640 1209 exhibent
2681 1142 2810 1209 ἐπι
2827 1141 3011 1226 χαί-

598 1270 795 1329 ρετε
844 1266 1042 1313 manu
1088 1247 1268 1312 ducit
1319 1247 1400 1313 ad
1440 1250 1993 1328 ἐπιχειρεῖτε.

708 1445 771 1512 4.
815 1444 971 1511 Dele
1017 1419 1475 1526 άγρυπνίαι
1527 1443 1669 1510 καὶ
1718 1445 2175 1528 φροντίδες.

710 1642 771 1711 5.
838 1641 1116 1720 ἅπαντες
1183 1645 1836 1726 προελεύσονται
1886 1646 2096 1711 αὐτοῦ.
2168 1645 2455 1713 Emenda
2501 1645 3013 1726 προαπελεύ-

618 1775 921 1819 σονται.
969 1750 1066 1818 Of.
1115 1752 1317 1819 ΠΜ.
1366 1752 1443 1818 V.
1500 1754 1533 1818 1
1583 1754 1635 1819 οἱ
1682 1753 1745 1820 δὲ
1796 1753 2388 1835 προαπίτωσαν
2443 1754 2631 1819 αὐτοῦ
2687 1759 2752 1819 et
2795 1753 2920 1820 XI.
2971 1753 3008 1818 1

617 1860 669 1925 εἰ
717 1858 1225 1941 προαπέλθοι
1274 1860 1543 1924 αὐτοῦ.
2501 1898 2507 1902 -

707 2056 827 2124 ῙΧ.
891 2057 951 2124 2.
1014 2061 1083 2124 τὸ
1147 2058 1262 2137 μὲν
1319 2063 1547 2138 πρῶτον
1607 2055 1871 2124 ἅπαντα
1929 2056 2279 2135 ἔδυνάμη
2302 2079 2365 2122 ν·
2441 2057 2563 2124 ἔτι
2633 2057 2737 2122 καὶ
2788 2056 3011 2133 παῖδες

616 2167 895 2245 ὡραῖοι
958 2159 1112 2238 ἦσαν
1174 2165 1414 2231 πολλοί.
1515 2164 1774 2230 Mutata
1837 2168 2344 2250 interpunctione
2404 2166 2606 2231 scribe
2669 2160 3013 2230 ἅπαντα

620 2269 1037 2349 ἐδυνάμην
1086 2268 1242 2337 ἔτι·
1294 2270 1399 2336 καὶ
1448 2271 1671 2342 παῖδες
1717 2271 1998 2352 ὦραῒοί
2042 2272 2200 2358 (μοι)
2249 2269 2307 2346 ἦ.
2354 2295 2423 2336 π.
2488 2269 2724 2336 Virum
2765 2276 3013 2356 oportet

622 2377 814 2443 fuisse
854 2399 999 2446 vere
1041 2377 1261 2443 ἰσόθεον
1300 2377 1775 2464 Polystratum,
1821 2381 1932 2463 qui
1956 2379 2152 2442 omnia
2165 2385 2439 2462 poterat,
2469 2379 2582 2443 θεοὶ
2614 2377 2677 2443 δέ
2701 2402 2772 2443 τε
2799 2375 3013 2443 πάντα

621 2483 938 2550 δύνανται.
1008 2483 1236 2550 Potius
1294 2484 1478 2548 credo
1528 2486 1589 2550 ei
1638 2490 1936 2571 vegetam
1985 2484 2179 2549 fuisse
2224 2490 2543 2549 senectam
2591 2489 2667 2550 ut
2711 2484 3011 2550 omnibus

618 2593 791 2657 vitae
854 2592 1209 2657 commodis
1270 2592 1398 2656 frui
1462 2593 1521 2657 ei
1582 2590 1838 2669 liceret,
1901 2593 2191 2656 sensibus
2247 2591 2528 2656 nondum
2577 2612 2688 2677 per
2737 2598 3010 2657 aetatem

618 2698 1102 2763 hebescentibus
1116 2718 1133 2776 3
1200 2698 1369 2783 quod
1433 2718 1548 2762 nos
1611 2697 1951 2763 vernaculo
2015 2718 2302 2764 sermone
2359 2698 2668 2765 dicimus:
2717 2697 2806 2785 ἂῂ·
2848 2699 3014 2784 heeft

618 2806 685 2867 al
728 2805 849 2889 2227'72
894 2826 1230 2886 vermoyem
1274 2826 1409 2885 noy.
1480 2803 1816 2869 Praeterea
1862 2826 1964 2882 μοι
2021 2804 2234 2869 abesse
2281 2824 2406 2869 11011
2454 2809 2678 2890 potest.

709 3000 796 3068 X.
843 3002 905 3067 1.
948 2992 1015 3075 ὅς’
1060 2999 1134 3065 ἂν
1180 3000 1269 3077 μὴ
1317 3000 1499 3080 ψιλὸς
1552 2998 1585 3083 ἦ
1636 3001 1773 3065 καὶ
1824 3002 1907 3065 τα
1957 2998 2231 3089 ἔπιπλα,
2285 2999 2484 3084 ὥσπερ
2528 3000 2720 3087 ἔφην,
2764 3002 3013 3081 άποβα·

622 3110 759 3175 λών.
832 3109 1079 3175 Iterum
1128 3132 1165 3173 κ
1186 3107 1266 3172 αι’
1314 3111 1530 3173 contra
1573 3106 1698 3174 loci
1746 3110 2127 3174 sententiam
2188 3111 2464 3195 irrepsit.

714 3304 777 3371 6.
824 3304 1167 3385 βαρύνει
1216 3306 1341 3386 γὰρ
1392 3304 1493 3369 καὶ
1543 3308 1754 3371 ταῦτα
1803 3305 2328 3385 μνημονευόμενα.
2393 3308 2603 3374 11111110
2643 3310 3010 3389 βαρυνεῖ.

621 3410 719 3480 Of.
781 3432 971 3496 supra
1031 3412 1082 3490 β
1101 3413 1409 3490 αρῆσει.
1493 3411 1736 3477 Eodem
1801 3411 1988 3478 modo
2046 3420 2379 3498 peccatum
2427 3420 2524 3479 est
2571 3435 2621 3479 c.
2675 3412 2716 3479 9
2767 3413 2869 3479 καὶ
2917 3414 3013 3486 τίς

622 3517 1146 3597 ὃάποκείρων
1196 3518 1411 3595 ἔσταις
1462 3517 1636 3605 Lege
1684 3518 1711 3583 ὅ
1760 3518 2196 3600 ἀποκερῶν.

710 3714 833 3781 ΧΙ.
902 3716 960 3781 1.
1022 3715 1108 3781 τοὶ
1169 3712 1463 3780 τάλαντα
1528 3715 1726 3781 ποτὲ
1784 3716 1934 3795 μὲν
2002 3716 2114 3781 ἐπ’
2176 3716 2508 3795 ἐκεῖνον,
2581 3720 2710 3783 νῦν
2781 3716 2833 3783 δ’
2879 3716 3008 3784 ἐπὶ

620 3825 903 3888 τοῦτον
954 3818 1180 3901 ἔρρεπε.
1255 3821 1469 3889 Multo
1516 3823 1820 3887 usitatius
1861 3826 1958 3887 est
1998 3822 2164 3907 quod
2207 3843 2285 3889 ex
2321 3822 2651 3890 Marciano
2687 3822 3012 3889 Sommer-

620 3930 909 3996 brodtius
936 3929 1298 3997 adnotavit:
1350 3928 1549 3993 ποτὲ
1593 3931 1743 4006 μὲν
1789 3929 1919 3993 ἐπὶ
1962 3935 2283 4008 τοῦτον,
2327 3930 2517 3995 ποτὲ
2559 3930 2614 3995 δ’
2657 3928 2774 3994 ἐπ’
2821 3931 3015 3995 ἐκεῖ·

622 4042 765 4100 νον.
836 4034 989 4100 Mox
1036 4056 1111 4100 ex
1160 4034 1380 4099 eodem
1440 4038 1648 4120 recipe
1694 4030 1737 4098 ὦ
1787 4033 2028 4115 Κράτης
2080 4057 2190 4122 pro
2239 4036 2268 4101 ὃ
2317 4036 2558 4118 Κράτης
2609 4042 2673 4103 et
2721 4056 3012 4124 expung-e

591 4141 763 4208 ·καί
808 4146 953 4227 post
998 4142 1299 4219 κτήματα
1350 4162 1498 4207 cum
1545 4140 1826 4207 Sti-avio·

712 4338 861 4406 XII.
900 4340 957 4404 1.
1008 4340 1083 4404 σὺ
1131 4340 1193 4406 δὲ
1236 4346 1544 4420 πρῶτος
1594 4339 1623 4404 ὃ
1668 4338 1871 4417 Λίβυς
1913 4338 2094 4418 λέγε.
2115 4340 2417 4408 Mendose
2443 4364 2554 4429 pro
2596 4342 3005 4465 πρότερος·

622 4448 697 4513 cf.
748 4444 991 4532 Gatapl.
1036 4446 1123 4515 27
1178 4445 1529 4529 προτέρα
1572 4446 1637 4513 δὲ
1684 4447 1761 4512 σὺ
1813 4448 1848 4523 ἦ
1897 4446 2086 4523 Κλίνη
2135 4446 2311 4526 λέγε.
