3436 5161
1431 396 1753 445 Romus.
2664 376 2796 445 199

499 586 528 625 ν
581 560 744 627 103:
793 560 1030 641 ἆγχόθι
1079 560 1133 625 δ’
1179 564 1374 635 αὐτῆς
1427 560 1637 639 ἄντρον
1689 564 1989 640 ἐπήρατον
2037 560 2371 641 ἠερονειδές.

492 668 619 743 Qui
675 688 894 733 versus
958 688 1081 732 non
1146 669 1435 733 tentandi
1497 689 1630 733 esse
1696 670 2033 745 videntur3
2087 668 2447 753 frequenter
2503 672 2677 734 enim
2724 672 2793 736 in

403 774 683 861 Odyssea
741 772 911 853 ἄγχι
977 794 1125 838 cum
1188 776 1477 860 genitivo
1538 774 1869 861 iungitur,
1920 795 1975 839 e.
2023 796 2089 861 g.
2140 777 2169 839 θ
2220 774 2305 839 95
2357 772 2571 851 ἥμενος
2618 773 2789 857 ἄγχ’

401 882 612 946 αὐτοῦ.
681 880 975 945 Fortasse
1039 885 1256 944 tamen
1317 879 1419 945 his
1483 901 1731 964 quoque
1793 888 2065 965 quatuor
2128 880 2324 958 locis,
2392 892 2467 945 ut
2526 891 2571 949 Ξ
2622 880 2792 959 412,

400 986 620 1067 ἐγγύθι
686 993 783 1053 est
821 986 1208 1073 legendum3
1257 986 1423 1069 quod
1473 988 1528 1051 si
1574 987 1826 1071 probari
1874 992 2082 1071 posset
2118 989 2201 1067 ¹),
2253 1006 2507 1072 prorsus
2546 1008 2622 1051 ex
2662 986 2795 1052 Ho-

400 1096 656 1159 mericis
701 1091 1068 1159 eliminatae
1115 1092 1319 1157 forent
1367 1092 1610 1159 formae
1659 1090 1896 1171 ἀγχόθι
1946 1098 2011 1158 et
2062 1095 2151 1170 dy
2156 1099 2297 1175 χοῦ.

489 1314 652 1379 Ecce
713 1312 910 1379 altera
965 1332 1087 1378 vox
1154 1313 1258 1376 cui
1325 1310 1525 1376 cauda
1575 1312 1893 1376 succrevit
1940 1332 2017 1377 ex
2066 1312 2457 1396 pronominis
2502 1332 2796 1397 suppres-

399 1422 591 1484 sione.
661 1418 1088 1485 Notissimum
1137 1425 1234 1482 est
1271 1415 1654 1482 vocabulum
1703 1418 2288 1496 πτολίπορθος,
2331 1424 2394 1484 et
2434 1439 2508 1483 ex
2534 1417 2795 1505 linguae
2882 1406 2889 1413 ’

400 1524 678 1593 Graecae
725 1523 980 1611 legibus
1029 1526 1152 1588 rite
1199 1524 1587 1600 formatum3
1641 1525 1820 1607 atqui
1869 1524 2035 1587 binis
2082 1520 2239 1589 locis
2278 1526 2508 1589 vicinis
2550 1544 2798 1608 compa-

400 1638 496 1697 ret
541 1629 1170 1709 πτολιπόρθιος,
1226 1632 1333 1706 „in
1381 1649 1642 1694 caesura
1689 1629 1979 1695 bucolica
2020 1633 2211 1695 metri
2248 1651 2439 1695 causa
2474 1652 2588 1716 per
2622 1651 2799 1715 para-

399 1738 926 1803 schematismum
969 1735 1321 1821 positum'’,
1361 1740 1436 1801 ut
1474 1732 1718 1821 legitur
1754 1739 1821 1799 in
1846 1734 2147 1822 Ebelingi
2174 1735 2407 1801 Lexico
2430 1737 2792 1801 Homerico.

399 1842 470 1909 Si
532 1846 673 1929 quis
733 1848 951 1908 tamen
1011 1862 1135 1907 non
1199 1844 1442 1927 patitur
1491 1840 2037 1925 sesquipedalibus
2088 1842 2299 1907 verbis
2344 1842 2469 1911 sibi
2516 1843 2797 1927 imponi,

399 1952 506 2015 sed
547 1953 684 2036 ipsa
731 1956 954 2034 poetae
999 1950 1194 2015 verba
1241 1945 1520 2031 evolvit,
1567 1946 1755 2012 facile
1796 1946 2111 2034 intellig-it
2152 1954 2497 2033 utrumque
2540 1968 2799 2013 versum

397 2056 606 2123 levem
672 2057 990 2140 requirere
1055 2056 1502 2121 correctionem
1527 2102 1546 2137 ‚
1609 2058 1684 2117 ut
1740 2056 2089 2121 sententiae
2155 2052 2474 2139 simulque
2543 2053 2797 2140 legibus

400 2161 848 2249 etymologicis
889 2160 1180 2226 satisfiat.
2812 2231 2817 2237 ¹

489 2268 708 2333 Priore
755 2266 894 2333 loco
941 2266 1186 2351 Ulyxes
1235 2264 1584 2352 Cyclopem
1636 2270 2041 2331 occaecatum
2090 2268 2185 2330 ita
2230 2266 2453 2330 irridet
2500 2266 2547 2351 (ι
2598 2264 2791 2352 502):

761 2374 1071 2451 Κύκλωψ,
1123 2371 1194 2436 αἵ
1237 2371 1338 2436 κέν
1389 2372 1478 2441 τίς
1530 2394 1603 2435 σε
1653 2373 2049 2446 καταθνητῶν
2096 2372 2413 2451 ἀνθρώπων

763 2478 1095 2560 ὀφθαλμοῦ
1142 2478 1373 2557 εἴρηται
1425 2477 1761 2551 ἄνεικελίην
1810 2476 2139 2552 ἀλαωτύν,

762 2587 1008 2668 φάσθαι
1055 2585 1375 2658 Ὀδυσσῆα
1423 2583 1841 2664 πτολιπόρθιον
1890 2584 2292 2662 ἐξαλαῶσαι,

764 2691 886 2759 υἱὸν
933 2693 1254 2770 Λαέρτεω,
1310 2689 1515 2772 Ἰθάκῃ
1566 2689 1646 2754 ἐνὶ
1695 2689 1857 2754 romi*
1909 2687 2166 2770 ἔχοντα.

403 2819 564 2886 quae
608 2799 802 2866 verba
846 2797 1100 2862 oraculo
1143 2795 1356 2862 fallaci
1397 2801 1548 2860 sunt
1587 2794 1925 2860 simillima
1945 2842 1962 2872 ,
2007 2816 2152 2860 nam
2198 2793 2562 2884 significant
2584 2796 2801 2880 potius

403 2903 682 2991 Ulyxem
748 2924 785 2968 a
843 2903 1244 2990 Polyphemo
1308 2909 1708 2967 occaecatum
1769 2921 1901 2967 esse
1964 2921 2157 2985 quam
2217 2903 2296 2966 ab
2343 2900 2557 2987 Ulyxe
2604 2900 2797 2987 Poly-

402 3011 732 3096 phemum.
805 3008 1006 3088 Quem
1077 3028 1226 3074 vero
1289 3007 1536 3094 Ulyxes
1599 3009 2027 3072 occaecaverit
2086 3009 2211 3071 nisi
2261 3006 2431 3071 dicat
2476 3006 2791 3092 Polyphe-

405 3137 587 3200 mus,
633 3136 758 3180 non
807 3113 1198 3180 intellecturi
1249 3121 1399 3179 sunt
1447 3115 1666 3197 opinor
1713 3115 1939 3179 caeteri
1996 3110 2341 3199 Cyclopes,
2383 3113 2675 3178 homines
2718 3118 2794 3177 ut

405 3225 642 3290 scimus
686 3222 958 3286 minime
1005 3239 1296 3307 sagaces;
1343 3219 1514 3284 dicat
1562 3220 1801 3306 igitur:

676 3327 921 3407 φάσθαι
969 3325 1290 3398 Ὀδυσσῆα
1341 3323 1742 3404 πτολίπορθόν
1793 3323 1853 3388 σ’
1905 3323 2286 3402 ἐξαλαῶσαι.

403 3434 584 3499 Alter
631 3453 781 3499 vero
828 3452 1048 3498 versus
1097 3434 1207 3498 vix
1257 3437 1590 3516 corruptus
1641 3431 1771 3496 dici
1818 3437 2063 3516 potest:

496 3565 512 3604 ι
565 3539 731 3606 53οε
785 3538 882 3610 δὸς
931 3541 1020 3614 μὴ
1068 3537 1384 3609 Ὀδυσσῆα
1435 3535 1853 3615 πτολιπόρθιον
1901 3535 2097 3602 οἴκαδ’
2142 3535 2417 3611 ἱκέσθαι,

402 3651 606 3712 immo
669 3646 1065 3724 πτολίπορθον
1127 3641 1352 3709 τοίκαδ’
1423 3643 1674 3708 ἱκέσθαι.
1766 3643 1839 3707 In
1910 3643 2347 3728 compluribus
2401 3640 2594 3709 Codd.
2641 3643 2705 3708 h.
2757 3642 2801 3706 l.

405 3753 799 3831 πτολίπορθον
857 3750 1120 3837 legitur.
1205 3747 1375 3815 Satis
1442 3751 1662 3814 mirari
1729 3769 1969 3834 nequeo
2034 3749 2199 3833 quod
2266 3749 2597 3814 Nauckius
2650 3749 2803 3814 huic

402 3857 764 3925 levissimae
827 3858 1198 3922 correctioni
1260 3854 1564 3940 praetulit
1627 3854 2118 3920 audacissimam
2181 3855 2601 3920 mutationem
2653 3877 2799 3919 πτο-

402 3962 699 4044 λιπόρθιον
742 3959 1127 4028 ἀπονέεσθαι.

493 4181 690 4246 Hisce
751 4180 1062 4266 exemplis
1123 4181 1519 4266 praemissis,
1585 4199 1745 4263 quae
1816 4177 2099 4244 sufficere
2171 4199 2353 4263 spero
2416 4179 2493 4245 ad
2540 4178 2802 4245 demon-

401 4289 763 4372 strandum,
824 4309 948 4352 non
1023 4284 1254 4352 exilem
1329 4305 1611 4350 errorum
1687 4283 1929 4349 fontem
2004 4305 2139 4349 esse
2212 4287 2279 4348 in
2352 4287 2800 4370 pronominum

465 4521 520 4586 1)
565 4521 623 4570 In
655 4519 862 4598 Etymol.
901 4523 975 4570 M.
1013 4537 1055 4586 p.
1097 4521 1220 4580 115,
1263 4521 1289 4568 1
1327 4535 1416 4586 pro
1450 4517 1639 4582 ἀγχόθι
1679 4535 1703 4566 ν
1740 4519 1837 4568 103
1874 4533 2041 4566 revera
2075 4513 2267 4580 ἐγγύθι
2300 4519 2513 4569 affertur.
