3436 5161
694 387 827 455 282
1552 407 1828 457 rmvms
1873 407 2210 458 meamus.

692 572 770 637 de
832 570 1131 658 Caligula
1192 579 1255 638 et
1318 574 1395 638 de
1442 571 1746 648 Claudio,
1797 573 1906 639 sed
1951 593 2200 656 semper
2245 570 2489 655 aliquid
2537 569 2616 635 de
2663 568 2926 634 Judaeis
2971 570 3090 634 ad-

692 680 969 741 mixtum
1034 687 1153 752 est,
1223 699 1422 764 neque
1484 686 1617 744 tam
1684 679 1927 764 copiose
1989 679 2068 742 de
2127 676 2462 764 Caligulae
2524 696 2676 740 nece
2722 679 3090 760 scripsisset

690 782 1035 867 Josephus‚
1102 786 1227 849 nisi
1290 785 1567 849 narratio
1630 791 1767 851 tota
1815 787 2158 869 pertineret
2203 784 2279 849 ad
2330 783 2786 847 ostendendum
2837 789 3090 864 quanta

692 892 903 975 gratia
962 897 1027 954 et
1089 893 1465 954 auctoritate
1514 891 1680 974 apud
1729 889 2048 954 Romanos
2093 889 2335 968 valeret
2380 909 2492 953 rex
2538 886 2850 974 Agrippa.
2923 885 3090 951 Fuit

692 997 885 1060 etiam
949 1003 1170 1080 postea
1220 995 1609 1061 Judaeorum
1660 996 1924 1061 feriatus
1971 996 2138 1072 dies,
2189 1015 2314 1080 quo
2361 995 2464 1059 die
2511 993 2865 1076 Imperator
2907 990 3086 1058 Gali-

690 1100 849 1187 gula
908 1102 1151 1166 cecidit.
1242 1100 1365 1166 Sed
1432 1101 1870 1166 fraudulentus
1931 1121 2110 1166 amor
2167 1101 2350 1165 Decii
2409 1098 2644 1164 Mundi
2691 1097 2938 1163 alienus
2982 1103 3087 1162 est

688 1207 769 1270 ab
829 1205 1219 1272 Judaeorum
1282 1208 1584 1290 historia,
1649 1209 1760 1292 qui
1827 1207 2149 1272 hominem
2213 1227 2292 1271 ne
2353 1211 2580 1270 natum
2629 1204 2888 1289 quidem
2940 1223 3084 1268 esse

690 1314 994 1379 sciebant.
1064 1311 1330 1378 Resecta
1392 1312 1469 1378 de
1530 1312 1683 1378 Jesu
1745 1310 2000 1378 Christo
2059 1313 2418 1376 narratione
2477 1310 2688 1376 locum
2761 1313 3082 1374 insertum

692 1417 885 1482 fuisse
946 1419 1251 1502 dixerim,
1312 1439 1391 1482 ne
1452 1417 1679 1484 lacuna
1727 1425 1891 1484 esset
1937 1421 2002 1482 in
2053 1418 2263 1482 medio
2307 1417 2472 1482 libro
2493 1465 2511 1494 ‚
2557 1435 2706 1482 nam
2756 1415 3086 1498 Josephus

691 1529 1059 1590 numerarat
1104 1525 1243 1596 τοὺς
1292 1525 1549 1607 elxam,
1594 1524 1742 1591 vide
1790 1524 1980 1589 modo
2021 1524 2101 1589 ad
2140 1523 2378 1588 calcem
2419 1525 2644 1608 operis.
2692 1520 2870 1587 Illud
2905 1541 3084 1586 nunc

692 1632 886 1694 etiam
942 1637 1235 1714 apparet,
1300 1637 1455 1716 quot
1516 1630 1645 1696 fere
1713 1630 2004 1696 versibus
2071 1627 2111 1694 J
2115 1649 2230 1694 esu
2298 1629 2632 1694 historiam
2705 1633 3085 1711 persecutns

692 1741 859 1800 esset
878 1785 896 1817 ,
952 1755 1097 1800 nam
1165 1739 1277 1819 qui
1335 1735 1748 1820 interpolavit
1807 1733 1985 1800 Decii
2049 1734 2281 1800 Mundi
2327 1739 2392 1799 et
2437 1732 2746 1798 Paulinae
2793 1753 3083 1814 amores,

692 1839 923 1927 selegit
968 1840 1182 1906 locum
1204 1891 1221 1924 ,
1276 1845 1385 1926 qui
1434 1861 1758 1907 erasorum
1803 1842 2000 1921 ςίχων
2037 1861 2376 1906 numerum
2421 1839 2551 1904 fere
2585 1839 2912 1924 aequabat.
2957 1837 3086 1903 Est

694 1954 909 2011 autem
970 1946 1302 2012 historiola
1362 1947 1675 2032 descripta
1723 1967 1801 2011 ex
1851 1947 2070 2012 eodem
2115 1945 2314 2022 libro,
2365 1945 2534 2010 unde
2581 1948 2716 2030 ipse
2761 1943 3086 2028 Josephus

694 2052 772 2117 de
815 2052 1252 2118 Romanorum
1298 2053 1485 2118 rebus
1529 2051 1828 2137 pleraque
1873 2057 2209 2118 mutuatus
2259 2057 2428 2136 erat3
2478 2057 2741 2136 apparet
2787 2071 2865 2115 ex
2905 2053 3086 2116 inso-

694 2156 814 2223 lito
860 2158 1179 2242 participii
1225 2179 1343 2223 usu
1364 2205 1380 2234 ,
1438 2158 1515 2223 de
1564 2179 1687 2243 quo
1731 2161 1952 2223 statim
2001 2157 2232 2224 dicam.

782 2264 843 2329 N
848 2285 971 2328 unc
1032 2264 1393 2329 examinare
1454 2263 1670 2342 lubet,
1737 2265 1902 2347 quod
1949 2265 2206 2329 invenio
2252 2285 2306 2328 c.
2354 2263 2673 2348 Apionem
2719 2261 2770 2326 Ι.
2822 2261 2887 2326 9.
2931 2261 3084 2326 Pri-

693 2390 875 2434 mum
924 2371 1015 2434 ibi
1061 2369 1341 2457 legImus
1388 2369 1739 2454 Josephum
1787 2371 1856 2434 in
1901 2369 2122 2435 castris
2169 2367 2602 2434 Romanorum
2650 2368 2844 2433 fuisse
2881 2369 3085 2431 inter-

690 2481 975 2561 pretem:
1053 2475 1137 2540 τὰ
1208 2475 1383 2554 παρὰ
1452 2480 1568 2540 τῶν
1638 2477 2000 2552 αὐτομόλων
2067 2474 2528 2553 ἀγγελλόμενα
2599 2473 2778 2551 μόνος
2849 2473 3080 2546 συνίην.

692 2579 913 2666 Itaque
972 2583 1271 2647 videmus
1332 2588 1637 2667 quantam
1699 2580 1892 2648 fidem
1951 2580 2256 2666 proditori
2325 2579 2514 2647 Titus
2589 2580 2924 2656 habuerit;
3008 2578 3078 2644 id

690 2693 941 2753 tantum
1006 2709 1110 2754 me
1172 2688 1339 2753 male
1400 2689 1627 2768 habet,
1684 2687 1954 2753 liberam
2019 2690 2080 2752 ei
2141 2693 2359 2771 postea
2429 2692 2814 2772 potestatem
2877 2686 3082 2750 fuisse

690 2794 1007 2878 quidlibet
1066 2792 1367 2880 fingendi.
1455 2793 1697 2859 Deinde
1758 2794 1938 2858 addit
1999 2814 2066 2859 ee
2127 2792 2368 2859 Romae
2419 2793 2702 2878 primum
2754 2793 3079 2875 scripsisse

690 2898 943 2965 Bellum
1005 2898 1045 2965 J
1050 2901 1347 2965 udaicum
1411 2902 1617 2984 patrio
1676 2920 1994 2977 sermone,
2051 2906 2268 2983 postea
2313 2906 2526 2964 autem
2575 2898 2959 2966 convertisse
3007 2900 3076 2962 in

691 3003 1000 3072 Graecam
1063 3006 1354 3093 linguam
1418 3004 1814 3085 χρησάμενόν
1881 3029 2004 3069 τισι
2073 3006 2216 3083 πρὸς
2276 3006 2386 3079 τὴν
2447 3003 2800 3077 Ἑλληνίδα
2869 3004 3080 3080 Φωνῦν

690 3120 1022 3193 συνεργοῖς.
1094 3111 1241 3177 Otio
1306 3112 1669 3177 abundabat
1714 3115 1932 3197 itaque
1980 3111 2274 3177 videmus
2319 3110 2669 3196 Josephnm
2715 3110 2902 3176 haud·
2933 3131 3078 3175 me-

692 3220 902 3283 diocre
964 3219 1250 3283 studium
1312 3221 1594 3303 posuisse
1654 3220 1724 3283 in
1791 3221 1866 3283 iis
1917 3218 2367 3305 cognoscendis
2387 3266 2402 3294 ,
2451 3238 2613 3302 quae
2659 3216 3078 3283 Alexandrini

690 3325 1099 3411 grammatici
1148 3322 1223 3388 de
1268 3320 1551 3388 Homero
1600 3324 2064 3408 disputassent3
2113 3324 2222 3389 sed
2263 3330 2566 3408 perpetuo
2606 3320 2852 3389 Graeca
2889 3342 3076 3388 voca-

692 3430 846 3495 bula
902 3428 1073 3495 male
1122 3430 1549 3511 pronunciavit
1596 3434 1660 3493 et
1703 3429 2021 3495 laboravit
2067 3431 2234 3495 circa
2279 3433 2388 3501 τὴν
2434 3429 2569 3509 περὶ
2618 3430 2729 3501 τὴν
2776 3436 3074 3508 προφο-

690 3536 831 3616 ρὰν
878 3535 1237 3613 ἀκρίβειαν,
1286 3536 1503 3619 Antiq.
1554 3535 1660 3601 20.
1718 3534 1822 3599 12.
1878 3535 1932 3599 1.
2007 3534 2247 3599 Vix-ibis
2297 3541 2513 3600 autem
2554 3535 2968 3600 corroboratis
3010 3538 3076 3598 et

690 3644 803 3715 τὴν
860 3643 1314 3720 γραμματικὴν
1362 3641 1683 3719 ἐμπειρίαν
1730 3641 2071 3718 ἀναλαβών
2091 3690 2108 3725 ,
2158 3643 2295 3725 ipse
2340 3640 2514 3706 solus
2559 3647 2624 3707 et
2669 3646 2894 3707 natans
2939 3642 3076 3705 sine

690 3749 922 3813 cortice
984 3748 1224 3833 viginti
1284 3748 1764 3831 Antiquitatum
1829 3747 2024 3813 libros
2081 3749 2454 3832 conscripsit
2499 3747 2692 3832 idque
2741 3749 2903 3812 tanti
2947 3764 3075 3811 non

691 3854 854 3935 fuit,
918 3852 1141 3937 quanti
1204 3852 1395 3917 hodie
1441 3854 1702 3918 fortasse
1748 3854 2041 3928 videtur,
2091 3874 2240 3918 nam
2287 3873 2434 3919 suos
2479 3857 2817 3939 scriptores
2863 3874 3074 3938 presse

690 3960 979 4042 sequitur
1038 3957 1371 4043 multaque
1429 3961 1742 4043 excerpsit
1787 3957 1892 4023 vel
1939 3958 2303 4044 descripsit,
2355 3959 2434 4023 de
2479 3979 2594 4024 suo
2641 3965 2857 4025 autem
2907 3958 3076 4043 quod

694 4063 977 4147 addidit,
1036 4084 1265 4149 parum
1314 4068 1426 4129 est.
1502 4064 1825 4129 Indicium
1873 4076 1970 4129 est
2014 4066 2181 4150 quod
2229 4086 2334 4129 me
2381 4077 2630 4149 quoque
2675 4064 3070 4139 adverterat,

694 4168 801 4234 sed
863 4169 975 4233 diu
1022 4174 1168 4233 ante
1214 4190 1319 4234 me
1363 4170 1535 4234 idem
1576 4174 1711 4255 jam
1759 4172 2124 4235 observarat
2166 4172 2333 4236 inter
2379 4178 2689 4237 nostrates
2733 4169 3072 4237 Venerabi-

690 4274 773 4341 lis
817 4274 1157 4339 Holwerda
1198 4276 1265 4339 in
1312 4274 1881 4341 Emendationibus
1929 4275 2249 4342 Flavianis
2293 4297 2354 4360 p.
2410 4276 2536 4341 101
2581 4282 2645 4341 et
2689 4274 2840 4340 128.
2884 4274 3072 4348 Tota,

692 4382 941 4465 inquit,
1004 4382 1083 4445 de
1140 4379 1474 4468 Caligulae
1534 4389 1740 4447 morte
1800 4385 2114 4461 narrati0,
2175 4402 2334 4467 quae
2402 4386 2693 4448 maxima
2761 4382 2912 4447 libri
2989 4378 3070 4445 19

692 4500 871 4571 parte
930 4490 1289 4553 continetur
1306 4533 1322 4562 ,
1400 4490 1701 4554 orationis
1771 4508 1999 4574 genere
2065 4487 2364 4573 perplexo
2434 4509 2507 4554 ac
2575 4493 2860 4554 tortuoso
2928 4506 3072 4552 con-

3355 838 3362 934 1
