3436 5161
642 323 733 390 80
1636 345 2033 396 monemus.

636 507 1041 586 tervolasset,
1108 511 1243 594 ejus
1300 509 1493 574 tactio
1557 511 1863 575 victoriae
1921 532 2032 596 spe
2093 511 2440 578 excidebat.
2516 512 2790 601 Relegat
2859 515 3024 580 mihi

638 617 781 699 quis
826 614 997 680 locos
1044 635 1200 700 quos
1248 636 1441 699 supra
1487 615 1806 702 descripsi.
1881 616 1980 683 Ne
2025 617 2144 682 hoc
2192 618 2452 703 quidem
2502 620 2842 686 fortuitum
2892 625 3022 700 est,

638 721 805 806 quod
853 722 1074 787 scribit
1121 719 1458 787 Lucretius
1477 768 1492 798 ,
1543 723 1706 786 brevi
1765 729 1956 806 epatio
2027 727 2430 790 animantum
2498 726 2711 792 secula
2764 730 3024 794 mutari.

636 827 1053 912 Aptissimam
1106 829 1647 913 comparationem
1694 847 1832 894 esse
1880 829 2077 895 vides.

727 1038 904 1106 VIII.
953 1039 1076 1105 99:
1126 1037 1281 1115 ἦσαν
1328 1041 1388 1104 ἐν
1436 1040 1753 1121 θυσίῃσί
1798 1065 1870 1107 τε
1917 1041 2022 1106 xa>
2073 1042 2444 1124 εὐπαθείῃσι.
2518 1042 2702 1110 Hanc
2749 1047 3026 1131 scriptu-

633 1165 773 1212 ram
838 1145 1118 1212 Steinius
1180 1167 1305 1214 non
1367 1149 1590 1214 fuisset
1655 1152 1902 1213 tutatus
1919 1195 1936 1226 ,
1994 1150 2050 1214 si
2119 1153 2529 1238 cogitavisset
2574 1150 2651 1217 de
2699 1150 3026 1218 lenissima

634 1256 993 1319 mutatione
1042 1254 1102 1318 ἐν
1149 1255 1562 1337 εὖθυμίῃσί
1607 1278 1679 1318 τε
1728 1252 1832 1319 καὶ
1881 1255 2262 1338 εὐπαθείῃσι.

725 1466 804 1532 In
868 1468 1247 1534 Artemisiae
1310 1468 1520 1535 verbis
1580 1466 1744 1533 VIII
1815 1465 1981 1532 102:
2031 1469 2106 1534 σὺ
2149 1468 2212 1534 δὲ
2262 1470 2544 1549 πυρώσας
2593 1470 2712 1542 τὰς
2763 1472 3024 1545 Ἀθήνας

635 1574 989 1657 ἀπελᾷς·
1040 1574 1185 1662 lege
1233 1573 1653 1640 ἀπέλοισον.
2211 1599 2220 1606 ·

725 1787 1071 1853 Perhibent
1119 1785 1349 1852 Andrii
1392 1785 1557 1854 VIII
1609 1787 1732 1853 Ill
1785 1787 1949 1862 θεοὺς
1999 1788 2102 1854 δύο
2150 1789 2459 1870 ἀχρῆςους
2507 1791 2627 1856 αἰεὶ
2671 1796 2865 1871 φιλο
2881 1812 3026 1872 χω·-

634 1892 841 1974 ρέειν
889 1893 1106 1968 Πενίην
1153 1917 1222 1959 τε
1268 1893 1371 1960 καὶ
1416 1895 1830 1974 ’Λμηχανίηκ
1905 1894 2142 1962 Verius
2187 1901 2283 1962 est
2341 1897 3026 1980 ἔμφιλοχωρέειν.

726 2109 955 2176 Persae
1019 2130 1053 2174 e
1118 2106 1386 2176 Graecia
1445 2108 1700 2197 profugi
1758 2110 2101 2175 corticibus
2165 2114 2229 2174 et
2275 2108 2444 2176 foliis
2491 2110 2786 2176 arborum
2837 2129 3026 2196 aegre

636 2217 840 2284 vitam
912 2216 1384 2292 sustentabant,
1458 2214 1622 2280 VIII
1700 2215 1866 2300 115,
1939 2219 2148 2280 ταῦτα
2219 2216 2272 2281 δ’
2345 2215 2578 2281 ἐποίευν
2649 2213 2761 2279 ὑπὸ
2815 2219 3022 2291 λιμοῦ.

635 2321 871 2388 Utrum
930 2320 1292 2388 Herodotus
1354 2322 1473 2388 hoc
1536 2323 1791 2409 scripsit
1850 2343 1929 2386 an
1977 2320 2470 2410 ludimagister?
2537 2320 2849 2408 Equidem
2899 2341 3024 2388 non

636 2427 987 2516 ambigam.

726 2641 904 2709 VIII.
972 2642 1138 2708 119:
1207 2644 1270 2707 έν
1325 2642 1568 2725 μυρίῃσι
1624 2640 1906 2722 γνώμῃσι
1954 2642 2110 2721 μίαν
2157 2644 2266 2708 οὐκ
2311 2640 2343 2706 ἔ
2358 2664 2469 2723 χω
2517 2642 2810 2724 ἀντίξοον.
2877 2641 3028 2729 Ipsa

634 2751 726 2817 rei
775 2756 1002 2815 natura
1051 2750 1230 2815 ducit
1276 2749 1354 2815 ad
1403 2750 1734 2813 futurum:
1777 2750 1884 2813 οὐκ
1927 2746 2060 2826 ἕξω.
2111 2747 2256 2814 Non
2297 2754 2482 2815 vacat
2523 2748 2782 2838 longam
2823 2750 3022 2836 perio-

633 2856 789 2924 dum
836 2856 1205 2923 describere.

720 3068 889 3135 V111.
958 3068 1123 3135 138:
1193 3069 1432 3147 πέμπει
1481 3069 1580 3134 ἐπ’
1629 3069 1856 3143 αὐτοὺς
1906 3068 2136 3143 ίππέοις
2187 3068 2724 3145 ἀπολέοντας.
2795 3066 3023 3136 Nonne

632 3174 865 3242 melius
911 3178 1002 3249 ὡς
1052 3173 1612 3248 ἀπολέοντάςῗ

720 3388 889 3457 VIII.
964 3390 1122 3455 144:
1193 3389 1457 3471 παρέςαι
1524 3390 1550 3455 ὃ
1614 3388 1934 3470 βάρβοιρος
1999 3390 2030 3455 ἐ
2043 3413 2082 3455 σ
2095 3388 2146 3468 β
2165 3413 2208 3455 οι
2227 3404 2268 3455 λ
2285 3390 2327 3455 ὦ
2345 3414 2376 3453 ν
2432 3388 2493 3461 ἐς
2540 3391 2648 3465 ’τὴν
2697 3388 3014 3472 ἡμετέρην.

630 3496 831 3563 Plane
874 3500 1297 3564 necessarium
1346 3508 1443 3564 est
1488 3497 1571 3562 ἑσ
1585 3497 1636 3576 β
1652 3522 1694 3563 ω
1712 3512 1752 3561 λ
1773 3495 1802 3562 A
1821 3520 1864 3561 ω
1883 3522 1931 3566 ν.

715 3712 1086 3779 Mardonius
1164 3711 1453 3779 vastabat
1508 3732 1695 3800 agros
1756 3710 2199 3778 Thebanorum
2217 3760 2235 3796 ,
2299 3710 2394 3778 IX
2473 3710 2584 3791 15,
2663 3710 2792 3777 οὔτι
2867 3715 3013 3779 κατ’

629 3816 806 3902 ἔχθος
864 3822 1066 3885 αὐτῶν
1130 3820 1277 3884 ἀλλ’
1345 3820 1447 3884 ὑπ’
1509 3818 1864 3895 ἀναγκαίης
1927 3818 2221 3897 μεγάλης
2279 3817 2670 3900 ἐχόμενος
2733 3818 2826 3896 βο
2849 3818 3018 3887 υλό-

627 3948 809 4004 μενο
833 3951 862 3998 ς
911 3922 1108 4005 ἔρυμα
1157 3928 1240 4002 τῶ
1292 3924 1643 4005 ςράτοπέδῳ
1692 3924 2084 3998 ποιήσασθαι.
2159 3923 2336 3989 Haec
2381 3929 2478 3989 est
2523 3923 2733 3990 lectio.
2763 3921 3016 3991 Codicis

626 4030 903 4097 Romani
962 4038 1027 4097 et
1084 4031 1355 4096 duorum
1424 4031 1693 4097 aliorum
1763 4034 1875 4116 qui
1937 4052 2080 4095 cum
2147 4030 2268 4096 hoc
2330 4030 2494 4095 libro
2542 4049 2727 4114 saepe
2773 4033 3016 4115 conspi-

626 4141 803 4215 rant;
867 4136 1099 4222 reliqui
1162 4140 1474 4203 omittunt
1537 4136 1908 4215 βουλόμενος
1929 4184 1946 4215 ,
1995 4137 2104 4203 sed
2151 4140 2429 4221 praestat
2476 4133 2807 4202 eliminare
2851 4134 3016 4203 alte-

626 4264 769 4309 rum
820 4246 1231 4329 participium
1282 4242 1704 4325 ἐχόμενος.

720 4458 986 4547 Equites
1052 4458 1391 4525 Persarum
1452 4458 1522 4523 in
1574 4462 1780 4525 castra
1830 4456 2096 4523 redeunt
2111 4503 2130 4537 ‚
2180 4454 2493 4529 δείσαντες
2540 4456 2631 4536 μὴ
2679 4456 2784 4523 κά)
2831 4455 3015 4538 σφίσι
