3436 5161
733 346 866 412 240
1768 359 2077 410 sums.

741 533 988 608 μᾶλλον
1035 527 1376 605 πείθονται,
1411 530 1519 578 Ἃ·-
1567 524 1668 599 οὓς
1714 529 1769 592 δ’
1816 525 1893 592 ἂν
1940 526 2137 602 ἆῆδως
2188 527 2389 607 ὁρῶσιν
2436 527 2487 592 01
2534 522 2825 605 ἄνθρωποι
2872 521 2991 589 κᾶν
3026 523 3123 588 τὰ

737 635 1240 714 συμβουλεύωσιν
1287 637 1352 700 οὔ
1399 635 1730 700 antonem.
2462 698 2465 702 .

828 740 1068 829 Supple
1093 747 1157 807 et
1179 741 1478 808 emenda:
1507 740 1625 806 κᾶν
1649 741 1734 806 τοὶ
1752 742 2095 806 ’‘APICTA
2120 739 2625 818 συμβουλεύωσιν
2647 743 2713 806 οὐ
2740 738 3121 804 πεΙθΟΤσιν.

827 955 1006 1022 Tom.
1074 953 1280 1021 XVII.
1338 953 1402 1019 2.
1451 975 1597 1040 pag.
1655 951 1785 1017 144
1832 974 1965 1038 sqq.
2012 953 2093 1019 ad
2138 953 2330 1020 verba
2374 951 2819 1039 Hippocratis:
2867 951 3121 1032 εἴσοδοι,

735 1063 944 1141 λόγοι,
1008 1069 1238 1142 σχῆμα
1262 1112 1280 1136 .
1353 1061 1523 1134 ἐσθὴς
1583 1061 1668 1141 τῷ
1713 1065 2019 1145 νοσοῦντι,
2068 1061 2281 1140 κουρή,
2326 1058 2582 1140 ὄνυχες,
2630 1062 2855 1139 ὀσμαί,
2906 1060 3125 1128 multa

735 1170 1064 1236 annotavit
1125 1165 1410 1236 Galenus
1426 1217 1444 1252 ,
1509 1167 1678 1233 unde
1744 1167 2139 1233 medicorum
2201 1169 2327 1252 ipsi
2388 1166 2752 1252 aequalium
2799 1188 3005 1233 mores
3052 1173 3125 1232 et

734 1277 1110 1360 praesertim
1159 1277 1318 1340 vitia
1357 1279 1843 1362 cognoscuntur.
1907 1272 2327 1359 Hippocrates
2344 1322 2363 1358 ,
2402 1274 2544 1358 (aut
2578 1275 2965 1359 quicumque
2998 1274 3123 1340 'nas

733 1380 997 1448 lacinias
1059 1380 1351 1466 collegit)
1412 1380 1752 1447 manifesto
1814 1379 2091 1446 ostendit
2156 1399 2319 1466 quae
2384 1385 2591 1444 essent
2660 1380 2895 1446 medici
2960 1399 3125 1467 erga

736 1491 1136 1574 aegrotantes
1181 1485 1402 1564 officia.
1475 1485 1771 1551 Primum
1814 1487 1995 1570 ponit
2029 1486 2148 1558 τὰς
2186 1484 2448 1556 εἰσόδους
2466 1533 2484 1563 ,
2527 1505 2653 1570 quo
2690 1490 2875 1570 pacto
2914 1485 3123 1550 medi·

732 1613 883 1659 cum
945 1593 1026 1658 ad
1083 1598 1375 1680 aegrotos
1418 1594 1680 1659 introire
1728 1598 2033 1678 oporteat.
2104 1591 2205 1658 Ad
2250 1592 2407 1659 haec
2452 1591 2764 1659 Galenus:
2812 1591 3001 1672 ἰατροὶ
3050 1591 3121 1657 δέ

735 1699 893 1772 τινές
943 1700 1090 1764 εἶσιν
1137 1691 1190 1764 οἳ
1237 1701 1431 1780 μέχρι
1481 1698 1768 1764 τοσούτου
1814 1701 2211 1777 μωραίνουσιν
2256 1701 2335 1770 ὡς
2382 1698 2488 1764 καὶ
2541 1705 2666 1772 τοῖς
2722 1698 3123 1776 κοιμωμένοις

737 1806 1066 1870 ἐπεισιέναι
1113 1807 1285 1882 μετὰ
1333 1805 1544 1885 ψόφου
1593 1806 1786 1872 ποδῶν
1809 1853 1825 1884 ,
1872 1812 2079 1888 Φωνῆς
2125 1803 2435 1886 μείζονος,
2489 1802 2601 1885 ὑφ’
2652 1801 2731 1870 ὧν
2768 1806 2957 1870 ἐνίοτε
2991 1807 3121 1870 διε-

737 1912 1048 1991 γερθέντες
1096 1912 1149 1976 οἱ
1199 1915 1502 1982 νοσοῦντες
1551 1911 1991 1990 &ymen-rosel
2028 1935 2098 1976 τε
2138 1910 2285 1990 πρὸς
2327 1909 2552 1983 αὐτοὺς
2590 1911 2691 1976 καὶ
2734 1910 3119 1993 βεβλάφθαι

735 2019 822 2084 τὰ
869 2017 1112 2095 μόγις-οὶ
1162 2023 1378 2096 Φασιν.
1442 2017 1839 2084 Incredibilis
1874 2019 2003 2084 iere
2040 2023 2137 2083 est
2176 2017 2330 2084 haec
2370 2021 2807 2104 arrogantium
2846 2018 3123 2085 homun-

735 2126 992 2190 cionum
1055 2126 1542 2209 importunitas,
1602 2126 1668 2188 in
1732 2144 2000 2209 quorum
2063 2143 2328 2189 numero
2390 2129 2599 2202 erant,
2646 2123 2889 2190 Romae
2932 2145 3121 2210 prae-

733 2233 954 2296 sertim
978 2276 994 2307 ,
1059 2230 1412 2296 medicinae
1469 2230 1656 2315 plane
1716 2232 2039 2316 imperiti,
2102 2231 2336 2315 quibus
2380 2231 2780 2317 impudentia
2822 2238 2958 2298 erat
3003 2253 3124 2317 pro

733 2342 891 2404 arte.
963 2337 1058 2402 De
1129 2337 1508 2404 methodicis
1577 2337 1961 2422 quibusdam
2030 2337 2257 2402 scribit
2326 2334 2609 2406 Galenus
2676 2335 2857 2403 Tem.
2929 2336 3118 2402 XIII.

742 2442 906 2509 117:
955 2441 1171 2508 οὐδένα
1215 2445 1346 2522 γὰρ
1393 2439 1546 2508 εἶδον
1596 2443 1718 2519 ἐγὼ
1765 2441 2035 2507 σωθέντα
2082 2448 2198 2508 τῶν
2246 2443 2331 2514 εἷς
2379 2447 2643 2508 τοιοῦτον
2681 2441 2885 2522 ἰατρὸν
2920 2443 3120 2519 ἐμοι-ε-

735 2549 978 2617 σόντων.
1044 2555 1108 2617 et
1171 2549 1320 2617 talis
1381 2554 1516 2616 erat
1571 2555 1705 2617 tota
1769 2550 1802 2623 ἦ
1862 2555 1977 2615 τῶν
2022 2547 2423 2616 Θεσσαλείων
2470 2547 2609 2615 όνων
2653 2549 2857 2628 ἀγέλη
2904 2549 3123 2615 iudice

736 2654 981 2723 Galeno
1027 2656 1209 2723 Tom.
1258 2656 1516 2723 XVIII.
1570 2655 1628 2723 1.
1675 2676 1824 2744 pag.
1874 2654 2029 2722 2¹74.

827 2762 1112 2828 Secundo
1161 2762 1298 2829 loco
1345 2768 1667 2847 ponuntur
1711 2761 1923 2840 λόγοι,
1964 2763 2043 2829 de
2081 2763 2311 2847 quibus
2352 2762 2769 2829 memorabile
2806 2769 2904 2828 est
2944 2764 3120 2848 quod

737 2867 1019 2936 Galenus
1065 2868 1223 2934 dicit
1269 2870 1555 2953 oportere
1601 2888 1747 2955 pag.
1803 2868 1965 2934 148:
2017 2870 2067 2933 εἶ
2116 2869 2581 2948 πεπαιδευμένῳ
2629 2868 2979 2947 διαλέγοιτό
3020 2892 3121 2943 τις

737 2976 904 3055 ἀνδρὶ
955 2974 1128 3051 μετὰ
1179 2978 1283 3039 τοῦ
1331 2977 1420 3051 μὴ
1472 2973 1824 3056 σολοικίζειν
1871 2999 1941 3039 τε
1994 2974 2096 3037 καὶ
2136 2972 2537 3055 βαρβαρίζειν
2578 2975 2680 3039 καὶ
2724 2975 2852 3055 γὰρ
2891 2976 2959 3039 ἐκ
3000 2977 3121 3039 τῶν

737 3082 1019 3148 τοιούτων
1083 3079 1611 3162 εὐκαταφρόνητοι
1659 3090 1785 3151 τοῖς
1832 3080 2163 3158 καμνουσιν
2211 3082 2261 3146 οἱ
2310 3080 2502 3160 ias-po}
2551 3084 2901 3162 Φαίνονται.
2970 3080 3123 3148 Non

737 3190 893 3255 satis
956 3190 1241 3275 cogitant
1300 3187 1616 3275 philologi
1671 3186 1933 3271 quidam
1996 3208 2184 3271 quam
2244 3185 2415 3253 male
2472 3194 2539 3251 et
2598 3188 2831 3253 vitiose
2886 3184 3121 3253 Gelani

737 3293 1030 3379 aequales
1079 3291 1318 3359 Graece
1363 3292 1771 3378 loquerentur
1788 3340 1805 3370 ‚
1853 3313 2125 3378 quorum
2172 3292 2425 3357 sordida
2472 3296 2675 3358 oratio
2730 3291 3123 3358 soloecismis

739 3408 805 3465 et
866 3400 1274 3465 barbarismis
1337 3400 1635 3464 scatebat.
1723 3394 2005 3463 Galenus
2066 3400 2231 3483 ipse,
2284 3402 2395 3483 qui
2440 3400 2566 3464 sibi
2610 3399 2677 3463 in
2725 3419 2800 3466 ea
2846 3418 2915 3464 re
2960 3400 3121 3464 satis

736 3505 945 3591 placet
1005 3507 1066 3569 ἐν
1129 3512 1255 3575 τοῖς
1305 3506 1423 3569 τῶν
1469 3510 1754 3569 παλαιῶν
1801 3504 2268 3583 συγγράμμασι
2318 3505 2684 3586 διατραφείς
2706 3556 2721 3580 ,
2774 3508 2841 3570 in
2888 3503 3120 3569 multis

737 3612 1078 3677 admodum
1144 3609 1546 3698 negligenter
1596 3610 2003 3696 depravatam
2055 3610 2420 3696 aequalium
2468 3612 2783 3687 συνήθειαν
2830 3612 3121 3695 sequitur

737 3722 802 3781 et
841 3717 1109 3782 subinde
1145 3718 1344 3783 iactat
1379 3718 1684 3781 dummodo
1724 3718 2099 3797 intelliyatur
2137 3718 2296 3796 quod
2328 3718 2492 3781 dicat
2530 3718 2601 3781 id
2635 3740 2757 3781 esse
2792 3718 2913 3780 eibi
2946 3722 3115 3781 satia.

735 3823 947 3899 Quam
1011 3824 1243 3889 vitiosa
1303 3825 1390 3889 sit
1451 3821 1682 3889 Galeni
1745 3823 1945 3889 oratio
2008 3830 2071 3887 et
2126 3822 2438 3908 exemplis
2484 3822 2938 3907 complusculis
2980 3824 3113 3887 iam

733 3929 1127 3996 ostendimus
1173 3934 1236 3995 et
1281 3928 1440 3995 alias
1487 3928 1565 3993 de
1610 3928 1923 3993 industria
1968 3928 2195 4013 multis
2240 3927 2550 4013 exemplis
2598 3928 3019 3994 ostendemus.

827 4034 1070 4101 Deinde
1127 4037 1308 4119 ponit
1369 4034 1793 4119 Hippocrates
1855 4042 2081 4113 σχῆμα
2145 4035 2449 4119 docetque
2510 4034 2663 4118 quid
2722 4036 2808 4099 sit
2865 4034 3115 4101 medico

734 4140 1050 4220 εὔσχημον
1071 4188 1088 4217 ,
1154 4142 1310 4226 quid
1369 4138 1683 4221 ἄσχημον.
1770 4138 2089 4226 Graphice
2148 4140 2449 4207 describit
2496 4140 2859 4224 aequalium
2906 4141 3113 4207 medi-

735 4266 954 4311 corum
1009 4248 1078 4310 in
1140 4266 1214 4311 ea
1273 4266 1342 4311 re
1387 4247 1576 4323 vitia,
1627 4267 1899 4331 quorum
1948 4245 2078 4311 ἔνιοι
2126 4247 2240 4323 μὲν
2284 4246 2735 4323 ἀνατεταμένοι
2786 4246 2889 4313 καὶ
2939 4261 3111 4310 πλα-

733 4358 861 4424 τεῖς
925 4352 1154 4417 εἰσίασί
1215 4376 1286 4417 τε
1350 4352 1455 4416 καὶ
1521 4352 1917 4433 καθέζονται,
1968 4352 2102 4419 ἔνιοι
2150 4353 2216 4418 δὲ
2264 4352 2795 4433 διατεθρυμμένοι,
2848 4352 3003 4423 τινὲς
3053 4350 3109 4415 δ’

732 4457 1150 4539 ἐγκεκυφότες
1197 4458 1302 4523 καὶ
1353 4459 1650 4523 ταπεινοί.
