3436 5161
668 376 801 442 388
1526 391 1802 441 nume
1847 390 2181 441 Josnrnus.

666 557 731 624 6.
780 556 823 623 2
884 556 1114 624 Judaei
1176 556 1543 625 Cumanum
1606 562 1904 624 accusant
1960 558 2740 639 παρασιωπήσαντα
2787 554 2890 622 τὸν
2939 558 3074 621 τῶν

664 666 1044 749 ἀνῃρημένων
1092 665 1316 748 φόνον·
1374 667 1511 731 sine
1560 686 1768 731 sensu.
1830 662 2236 732 Rescribam:
2289 662 3072 745 παρολιγωρῆσαντα.

759 878 969 959 Quam
1015 876 1252 944 vellem
1298 878 1631 945 Bulwerus
1678 881 2086 967 cog-novisset
2131 878 2302 965 quod
2337 876 2377 944 J
2381 878 2654 963 osephus
2687 876 2882 943 habet
2919 876 3070 943 An-

664 988 779 1071 tiq.
829 984 937 1051 20.
990 982 1051 1049 7.
1102 983 1145 1049 2
1192 985 1271 1051 de
1318 984 1611 1073 Agrippa
1658 982 1790 1051 filio
1835 983 2070 1051 Felicis
2114 992 2180 1051 et
2225 983 2582 1051 Drusillae:
2631 985 2782 1049 ἀλλ’
2830 976 2892 1047 ὃν
2939 984 3070 1063 μὲν

664 1091 883 1172 τρόπον
929 1090 958 1155 ό
1008 1092 1248 1164 νεανίας
1314 1092 1531 1163 ἐκεῖνος
1596 1091 1709 1155 σὺν
1762 1102 1839 1174 τῇ
1886 1090 2133 1171 γυναικὶ
2185 1092 2355 1157 κατὰ
2405 1092 2514 1165 τῆν
2561 1090 2894 1171 ἐκπύρωσιν
2943 1094 3067 1155 τοῦ

666 1196 927 1276 Βεσβίου
994 1196 1155 1277 ὅρους
1219 1197 1319 1263 ἐπὶ
1383 1202 1500 1263 τῶν
1562 1197 1755 1263 Τίτου
1819 1198 2124 1278 Καίσαρος
2185 1198 2413 1278 χρόνων
2476 1198 2821 1282 ἠφανίσθη,
2881 1198 3070 1275 μετὰ

665 1310 873 1370 ταῦτα
940 1306 1205 1379 δηλώσω.
1280 1304 1566 1391 Denique
1620 1310 1962 1389 antequam
2011 1302 2198 1371 finem
2250 1307 2423 1391 operi
2468 1306 2797 1390 imponat,
2841 1322 3068 1370 narrat

664 1411 702 1477 J
706 1410 977 1496 osephus
1038 1410 1262 1495 Antiq.
1312 1409 1417 1475 20.
1474 1410 1539 1477 9.
1598 1410 1637 1479 ¹7
1704 1409 2022 1496 templum
2085 1411 2343 1478 tandem
2408 1411 2758 1496 perfectum
2823 1411 3065 1476 fuisse:

666 1518 775 1595 ἤδη
840 1517 903 1583 δὲ
964 1516 1104 1581 τότε
1170 1516 1276 1582 καὶ
1342 1516 1411 1583 τὸ
1475 1516 1623 1598 ἱερὸν
1686 1518 2006 1586 ἐτετέλεςο
2069 1520 2328 1603 iamque
2389 1524 2524 1583 erat
2570 1516 2926 1603 periculum
2975 1517 3064 1581 ab

640 1628 904 1716 operis,
966 1645 1235 1710 quorum
1300 1630 1481 1691 erant
1543 1623 1990 1711 duodeviginti
2057 1622 2302 1703 millia,
2364 1645 2444 1689 ne
2507 1624 2726 1689 turbas
2781 1626 2848 1687 in
2895 1622 3064 1687 urbe

664 1733 1088 1815 concitarent,
1155 1729 1257 1795 διὰ
1322 1733 1392 1796 τὸ
1455 1732 1565 1806 την
1626 1733 1857 1812 τροφὴν
1921 1732 1990 1795 ἐκ
2053 1736 2164 1801 τῆς
2220 1730 2391 1794 κατὰ
2439 1730 2510 1794 τὸ
2557 1730 2708 1810 ἱερὸν
2755 1729 3062 1809 ἐργασίας

667 1834 1031 1917 πορίζεσθαι.
1102 1836 1351 1922 Nempe
1408 1835 1527 1901 hoc
1590 1835 1781 1901 modo
1835 1854 2142 1922 pauperes
2185 1835 2520 1901 alebantur
2565 1856 2644 1900 ex
2687 1856 2864 1901 sacro
2908 1834 3062 1899 the-

664 1963 884 2016 sauro.
936 1942 1042 2007 κα)
1091 1943 1217 2022 γὰρ
1266 1943 1317 2007 εἰ
1365 1942 1519 2020 μίαν
1564 1967 1657 2014 τις
1704 1940 1856 2021 ὥραν
1901 1950 2012 2017 τῆς
2063 1941 2294 2022 ἡμέρας
2342 1941 2718 2022 ἐργάσαιτο,
2765 1939 2868 2005 τὸν
2913 1964 3061 2017 μισ-

667 2050 761 2114 θῦν
823 2048 968 2127 ὑπὲρ
1029 2049 1267 2123 ταύτης
1334 2050 1544 2116 εὐθέως
1610 2048 1992 2125 ἐλάμβανεν.
2065 2048 2271 2115 Miror
2329 2048 2484 2113 haec
2533 2047 2724 2115 verba
2767 2048 3060 2113 nondum

666 2155 955 2221 adhibita
1014 2155 1210 2221 fuisse
1270 2155 1348 2220 ad
1408 2156 1994 2241 interpretationem
2058 2153 2393 2239 parabolae
2445 2175 2640 2241 quam
2687 2154 3057 2220 Matthaeus

662 2264 943 2328 servavit
988 2260 1099 2327 20.
1152 2260 1393 2327 1-15.

758 2474 961 2542 Venio
1020 2476 1101 2540 ad
1158 2474 1384 2543 Vitam
1434 2476 1475 2541 3
1494 2526 1513 2561 ,
1576 2480 1643 2540 in
1706 2496 1833 2561 qua
1894 2495 2008 2540 cur
2059 2474 2314 2541 tandem
2363 2474 2635 2541 Neronis
2680 2494 2840 2541 uxor
2885 2486 3056 2541 Ποπ-

668 2585 822 2656 πηία
889 2584 1159 2667 dicitur‚
1228 2604 1391 2669 quae
1452 2584 1614 2662 fuit,
1676 2585 1933 2669 opinor,
1999 2586 2277 2666 Ποππῇα
2323 2580 2738 2669 appellanda?
2807 2583 3054 2652 Eodem

664 2691 856 2757 modo
900 2690 1247 2777 Pompeius
1293 2689 1459 2756 mihi
1506 2699 1802 2772 Πομπῇος
1851 2693 1975 2756 erit
2021 2701 2212 2775 atque
2257 2691 2350 2756 sic
2397 2693 2462 2756 in
2510 2691 2849 2756 similibus.

756 2903 899 2970 Non
960 2902 1143 2969 lubet
1202 2903 1473 2969 ridiculo
1532 2907 1705 2990 operi
1769 2903 1879 2970 diu
1929 2905 2298 2983 immorari,
2347 2907 2415 2969 in
2463 2924 2589 2990 quo
2635 2907 2746 2972 vix
2795 2905 3056 2972 tandem

668 3010 978 3096 quaedam
1026 3015 1196 3076 recte
1241 3008 1601 3097 intelligere
1648 3013 1856 3096 coepi,
1911 3017 2250 3095 postquam
2299 3013 2572 3099 cognovi
2617 3031 2778 3096 quae
2825 3007 3057 3077 Graet-

666 3119 801 3181 zius
864 3116 1205 3182 admodum
1275 3116 1457 3181 docte
1504 3116 1788 3202 disputat
1834 3117 1913 3183 de
1965 3117 2350 3183 dissensione
2395 3120 2563 3182 inter
2609 3116 2943 3186 Hillelitas
2986 3125 3058 3183 et

664 3221 1163 3299 Schammaitas‚
1215 3243 1376 3308 quae
1424 3229 1574 3288 tunc
1622 3245 1769 3288 cum
1809 3225 2094 3288 maxime
2131 3223 2460 3311 flagrabat.
2509 3223 2734 3290 Veluti
2758 3225 2884 3291 nisi
2909 3229 3056 3309 quis

663 3327 783 3392 hoc
830 3329 1025 3412 sciat,
1073 3329 1392 3414 quomodo
1442 3350 1749 3414 umquam
1798 3327 2160 3415 intelligere
2208 3331 2442 3414 poterit
2489 3349 2650 3414 quae
2683 3329 2818 3395 Ἧι.
2849 3329 2930 3395 13
2973 3329 3054 3396 de

665 3433 803 3499 oleo
848 3441 1216 3513 narrantur,
1268 3435 1435 3519 quod
1480 3435 1519 3500 J
1523 3437 1798 3501 ohannes
1831 3433 2228 3523 Gisgalensis
2267 3441 2402 3501 tam
2427 3439 2647 3502 insano
2671 3439 2875 3522 pretio
2901 3457 3053 3503 ven-

666 3539 903 3605 didisse
967 3539 1222 3606 dicitur.
1294 3539 1417 3606 Sed
1474 3540 1633 3606 illuc
1688 3542 1892 3607 redeo.
1942 3540 2080 3607 Vit.
2131 3540 2219 3606 24
2265 3540 2303 3606 J
2307 3541 2578 3629 osephus
2623 3549 2924 3629 provocat
2969 3543 3052 3609 ad

661 3667 945 3734 pugnam
997 3646 1348 3712 Aebutium
1370 3669 1404 3726 ;.
1438 3648 1544 3713 hic
1591 3653 1808 3713 autem
1850 3668 2130 3735 pugnam
2174 3648 2519 3733 detractat,
2561 3647 3046 3731 κατεπέπληκτο

662 3755 789 3834 γὰρ
850 3755 961 3828 την
1025 3755 1328 3835 ἡμετέραν
1392 3755 1903 3831 ἑτοιμότητα
1971 3755 2074 3819 καὶ
2128 3753 2198 3818 τὸ
2246 3753 2480 3835 θράσος.
2551 3753 2692 3821 Imo
2735 3754 3050 3841 Josephus

662 3859 985 3946 praedicat
1030 3881 1213 3926 suam
1264 3859 1769 3938 ἰταμότητα.

755 4072 1127 4139 Admodum
1194 4065 1541 4140 molestum
1595 4080 1689 4140 est
1735 4077 1804 4139 in
1851 4083 1984 4140 tam
2035 4075 2293 4140 confusa
2339 4076 2696 4140 narratione
2741 4076 3046 4162 gravibus

664 4177 1038 4263 corruptelis
1086 4201 1337 4244 sensum
1388 4200 1571 4266 saepe
1617 4181 1973 4264 obscurari,
2021 4188 2097 4245 ut
2137 4183 2248 4245 vix
2289 4181 2585 4266 dispicias
2609 4181 2760 4265 quid
2788 4180 3046 4246 tandem

662 4286 932 4370 scriptor
978 4285 1183 4351 dicere
1229 4285 1523 4352 voluerit.
1573 4285 1793 4352 Veluti
1839 4285 1969 4352 Ἧι.
1997 4285 2082 4351 25
2123 4287 2440 4353 ,Iohannes
2479 4284 2878 4375 Gisgalensis
2907 4285 3046 4354 vult

664 4389 976 4458 Galilaeis
1020 4393 1396 4478 persuadere
1442 4399 1518 4458 ut
1564 4393 1643 4459 ab
1688 4391 1730 4458 J
1733 4393 1965 4478 osspho
1995 4391 2308 4460 deficiant.
2357 4393 2499 4460 Non
2523 4401 2873 4479 paruerunt
2895 4394 3046 4481 Sep-

660 4499 1034 4584 phorenseS,
1082 4498 1365 4581 οὐδετέρῳ
1410 4499 1536 4581 γὰρ
1586 4501 1754 4578 ἡμῶν
1803 4509 2126 4584 προσεῖχον
2176 4501 2278 4566 διὰ
2315 4500 2385 4566 τὸ
2427 4503 2764 4579 Ῥωμαίους
2793 4503 3042 4584 ᾑρῆσθαι
