3436 5161
672 336 804 405 408
1690 352 2012 403 nemus.

615 567 628 615 ,
665 528 737 587 ut
797 542 921 587 non
974 524 1195 589 mirari
1240 522 1351 585 vix
1396 522 1631 605 possis,
1682 520 1837 585 talia
1881 542 2030 585 cum
2077 522 2528 599 recitarentur,
2577 520 2731 586 totis
2780 518 3058 585 theatris

661 628 855 695 fuisse
900 630 1220 694 neminem
1267 628 1379 713 qui
1418 627 1866 693 soloecismum
1905 626 2302 713 exploderet,
2352 633 2416 692 et
2455 629 2680 693 auritis
2703 626 3059 693 Athenien-

660 735 837 799 sibus
896 736 1163 823 gravius
1226 715 1561 819 peccatum
1623 735 1838 798 visum
1889 734 2082 799 fuisse
2127 736 2184 800 si
2230 734 2610 801 histrionem
2655 736 2726 797 in
2773 733 3058 799 vocabu·

660 839 869 907 lorum
916 842 1363 907 commissione
1408 840 1671 926 spiritus
1718 838 2046 925 deficeret,
2086 847 2160 907 ut
2183 840 2540 930 Hegelochi
2587 840 2735 906 felis
2774 844 3056 905 testatur

660 946 1081 1024 immortalis,
1144 967 1337 1033 quam
1398 948 1453 1011 si
1515 968 1643 1010 eum
1701 946 1938 1011 diceret
1985 968 2132 1013 cum
2181 969 2275 1013 eos
2321 946 2427 1014 vel
2476 968 2574 1013 eas
2619 951 2786 1013 esset
2830 946 3052 1010 dicen-

662 1053 837 1119 dum.
886 1052 1079 1123 Modo
1126 1057 1297 1119 enim
1344 1077 1429 1119 νιν
1474 1050 1830 1141 sig-nificare
1877 1052 2063 1119 debet
2112 1051 2284 1119 azia-d
2331 1052 2552 1139 (Soph.
2595 1052 2830 1119 Electr.
2871 1049 3004 1117 436
3027 1100 3049 1135 ,

664 1159 857 1247 624),
907 1160 1103 1253 modo,
1143 1160 1308 1225 αὐτώ
1357 1158 1536 1245 (Eur.
1584 1158 1760 1225 Med.
1816 1157 2053 1244 1312),
2101 1159 2292 1226 modo
2329 1160 2554 1231 αὐτούς
2593 1158 3048 1245 (Eur.Phoen.

664 1266 875 1343 1168,
944 1265 1174 1353 Suppl.
1249 1262 1417 1343 758,
1491 1263 1654 1342 762,
1732 1264 1940 1343 1140,
2017 1265 2278 1331 Hercul.
2341 1264 2463 1332 sur.
2533 1263 2745 1343 1182,
2807 1262 3048 1330 Helen.

662 1374 875 1460 1541,
937 1373 1081 1460 Iph.
1145 1373 1336 1440 Τοῦτ.
1399 1372 1568 1457 256,
1634 1370 1803 1450 330,
1864 1370 2032 1449 334,
2087 1371 2319 1459 1191),
2370 1373 2558 1439 modo
2607 1371 2810 1442 αὐτάς
2857 1370 3042 1458 (Eur.

658 1482 884 1549 Bacch.
934 1480 1116 1567 813).

748 1588 1079 1655 contrario
1125 1589 1285 1653 vitio
1312 1585 1363 1673 ¹)
1414 1592 1565 1667 σφιν
1613 1590 1679 1653 et
1716 1585 2008 1667 σφέτερος
2045 1587 2120 1650 de
2156 1609 2274 1651 uno
2297 1587 2528 1653 bomine
2550 1586 2838 1653 adhibita
2861 1588 3042 1651 iuve-

656 1696 793 1761 nire
851 1694 1004 1761 licet
1064 1693 1231 1779 apud
1285 1692 1673 1777 Pindarum,
1722 1715 1776 1758 e.
1802 1716 1867 1781 g.
1920 1688 2179 1780 Olymp.
2233 1691 2353 1777 13,
2403 1692 2509 1759 86.
2581 1692 2794 1759 Semel
2837 1696 3036 1759 etiam

655 1803 723 1867 in
770 1799 1131 1883 Hesiodeis,
1181 1800 1348 1883 quod
1393 1801 1645 1865 mireris
1662 1847 1680 1878 ,
1726 1799 1968 1887 leg-itur
2011 1800 2303 1881 σφέτερος
2353 1799 2433 1867 ad
2481 1823 2660 1865 unum
2705 1801 3036 1865 hominem

654 1906 1053 1972 referendum
1115 1906 1329 1991 (sensu
1376 1928 1520 1969 sum
1566 1906 1822 1991 ipsius),
1883 1926 2116 1993 nempe
2173 1909 2241 1971 in
2303 1904 2498 1972 Scuto
2559 1905 2748 1973 Herc.
2799 1904 2915 1983 903
2970 1912 3038 1971 et

654 2015 941 2099 saepius,
987 2012 1154 2097 quod
1202 2011 1409 2077 multo
1456 2014 1671 2077 minus
1708 2012 2038 2090 mirabile,
2083 2012 2250 2098 apud
2291 2012 2783 2096 Alexandrinos,
2809 2032 3034 2097 nempe

660 2120 1083 2183 Calbimackmn
1126 2117 1371 2205 Hymn.
1423 2117 1610 2183 Dian.
1659 2116 1830 2196 229,
1881 2120 2080 2203 Apoll.
2133 2120 2328 2183 Rhod.
2371 2119 2442 2184 11
2483 2118 2692 2195 1041,
2739 2116 3030 2195 111622,

656 2226 823 2303 643,
872 2224 1039 2299 817,
1092 2223 1179 2289 IV
1210 2224 1417 2303 1493;
1472 2225 1764 2291 Theocrit.
1817 2223 1937 2302 12,
1990 2225 2069 2303 4,
2113 2223 2237 2309 22,
2280 2223 2448 2304 209,
2491 2222 2762 2303 24,59;
2807 2224 3031 2289 Horeb.

652 2332 733 2419 2,
782 2332 903 2418 26,
958 2331 1123 2414 159;
1174 2330 1249 2408 4,
1303 2332 1424 2416 12,
1474 2330 1591 2405 21,
1650 2331 1757 2395 53.
1829 2331 1996 2411 Quin
2059 2334 2252 2397 etiam
2311 2344 2450 2397 tuus
2495 2330 2820 2397 misellum
2867 2328 3030 2396 illud

652 2440 943 2521 σφέτερος
990 2436 1349 2527 sig-nificare
1394 2439 1581 2504 debet
1622 2436 1942 2505 Theocrit.
1983 2436 2100 2517 22,
2133 2437 2249 2517 67,
2283 2445 2348 2504 et
2371 2446 2558 2503 vester
2583 2436 2798 2523 Apoll.
2825 2436 3027 2503 Rhod.

650 2547 749 2614 IV
802 2546 1011 2625 1327;
1074 2546 1291 2632 quidni
1355 2548 1551 2612 etiam
1616 2546 1693 2612 de
1749 2547 1952 2630 prima
2017 2566 2280 2633 persona
2345 2542 2761 2614 adhibeatur?
2831 2544 3030 2612 Sensu

648 2677 807 2720 meuc
852 2660 1231 2740 usurpatum
1276 2657 1597 2720 invenitur
1641 2654 1878 2718 Theocr.
1919 2653 2040 2732 25,
2087 2653 2249 2731 163,
2293 2661 2358 2720 et
2391 2676 2578 2720 sensu
2619 2661 2815 2718 noeter-
2859 2652 3026 2738 apud

648 2763 1027 2846 Apollonium
1088 2761 1285 2824 Rhod.
1334 2759 1432 2826 IV
1486 2760 1682 2824 1354.
1753 2759 1942 2826 Addo
2003 2761 2096 2833 ἑός
2161 2761 2240 2827 de
2285 2761 2546 2826 secunda
2592 2781 2856 2846 persona
2901 2759 3024 2825 dic-

648 2873 791 2934 tum
839 2866 1359 2956 (igitur-2⁴:264)
1408 2866 1576 2952 apud
1632 2867 1993 2930 Theocritum
2046 2866 2164 2946 10,
2215 2866 2258 2932 2
2276 2888 2294 2946 ;
2350 2867 2471 2952 17,
2521 2864 2607 2931 50
2625 2889 2643 2946 3
2695 2866 2820 2945 22,
2875 2865 3026 2944 173,

648 2979 713 3040 et
771 2969 834 3045 ὅς
896 2975 975 3039 de
1024 2974 1226 3058 prima
1288 2992 1551 3057 persona
1616 2973 1720 3056 (=
1759 2971 1902 3049 ἐμός
1951 2979 2015 3039 et
2067 2975 2378 3062 ἡμέτερος)
2431 2975 2599 3062 apud
2644 2975 3024 3058 Apollonium

647 3081 948 3145 Rhodium
994 3078 1080 3144 IV
1135 3076 1308 3144 1036
1356 3085 1421 3144 et
1468 3081 1736 3165 saepius.
2169 3121 2172 3126 -
2965 3091 2968 3096 “

734 3187 987 3252 Dixeris
1049 3189 1181 3252 iam
1246 3187 1403 3251 satis
1450 3191 1663 3270 patere
1682 3236 1701 3270 ,
1756 3185 1922 3252 nihil
1970 3194 2102 3252 tam
2149 3187 2466 3255 soloecum
2515 3211 2648 3254 esse
2690 3191 2758 3254 in
2805 3209 3026 3275 prono·

644 3295 897 3357 minum
956 3314 1107 3368 usu,
1150 3295 1329 3378 ‘quin
1392 3313 1528 3357 sero
1590 3295 1727 3358 nati
1773 3295 2130 3360 imitatores
2180 3296 2315 3360 stili
2363 3297 2524 3382 epici
2572 3297 2641 3360 id
2685 3295 3024 3381 aliquando

642 3399 1035 3464 admiserint.
1128 3399 1213 3465 Et
1292 3405 1508 3464 tamen
1588 3402 1884 3486 graviora
1966 3403 2161 3466 etiam
2232 3409 2490 3487 peccata
2556 3403 2818 3488 proferri
2887 3423 3024 3488 pos-

642 3511 790 3569 sunt
858 3525 1049 3590 quam
1120 3509 1270 3570 sunt
1329 3525 1403 3570 ea
1470 3525 1631 3589 quae
1701 3505 2144 3573 indicavimus.
2213 3507 2478 3573 Prorsus
2541 3510 2711 3574 enim
2758 3508 3021 3576 mirifice

640 3611 857 3678 dativo
924 3613 977 3675 οἱ
1050 3612 1299 3676 abusus·
1353 3617 1449 3676 est
1519 3617 1703 3696 poeta
1773 3611 2193 3698 Orphicorum
2213 3635 2230 3692 3
2318 3615 2472 3680 haec
2541 3614 2771 3681 vocula
2831 3616 3018 3682 modo

638 3717 753 3794 iis,
816 3718 1005 3784 modo
1066 3719 1235 3782 nobis
1296 3718 1467 3784 valet
1530 3719 1699 3804 apud
1763 3740 1947 3797 eum,
2015 3722 2202 3788 modo
2273 3724 2408 3788 sine
2477 3721 2611 3788 ullo
2672 3745 2859 3788 sensu
2905 3745 3015 3808 po-

636 3826 813 3888 nitur
896 3825 975 3890 ad
1060 3823 1443 3910 explendum
1537 3831 1816 3890 metrum
1835 3875 1853 3910 ,
1947 3833 2022 3890 ut
2095 3828 2588 3915 diligentissime
2657 3834 3016 3918 expositum

637 3938 734 3995 est
796 3952 832 3996 a
892 3930 971 3997 G.
1035 3930 1402 3998 Hermanno
1458 3930 1715 4017 Orphic.
1773 3954 1836 4017 p.
1889 3931 2020 3999 793
2069 3955 2196 4022 sqq.
2222 3985 2240 4019 ‚
2303 3937 2485 4001 cuius
2545 3939 2774 4002 scrinia
2818 3937 3016 4004 nolim

636 4035 935 4123 expilare.

725 4140 988 4210 Caetera
1035 4165 1184 4211 vero
1230 4151 1458 4210 cuncta
1502 4150 1762 4232 superat
1801 4147 2034 4213 abusus
2075 4168 2198 4232 quo
2243 4149 2624 4216 vocabulum
2649 4151 3014 4234 σφωΐτερος,

703 4415 757 4481 1)
810 4417 1043 4549 Ρὲοηςιιο
1092 4416 1187 4467 huc
1236 4417 1527 4482 pertinentia
1582 4417 1792 4469 indicata
1841 4418 2068 4470 habemus
2117 4422 2242 4486 apud
2295 4421 2521 4474 Wolflum
2571 4423 2622 4473 in
2664 4423 3020 4488 Prolegomenis

630 4513 738 4562 pag.
772 4499 839 4548 24
876 4536 886 4547 .
