3436 5161
696 309 823 396 140
1676 331 2078 382 mono-rus.

686 517 713 558 ο
734 495 767 558 ὐ
791 492 918 558 δὲν
964 493 1105 558 οὔτε
1152 495 1308 564 τινὲς
1356 492 1535 560 ἄλλοι
1586 496 1712 560 κτὲ.
1765 499 2198 582 antiquissimi
2246 499 2492 564 codices
2537 497 2706 566 ABG
2764 502 3078 568 omittunt

683 600 763 664 οὐ
784 599 929 665 δέν.
994 598 1310 666 Similiter
1370 603 1577 688 igitur
1635 605 1995 690 corrigendi
2059 604 2360 687 videntur
2403 604 2528 671 loci
2576 605 2662 672 IV
2717 606 2846 676 119
2893 611 3072 686 ἡμεῖς

680 703 742 770 δὲ
804 705 943 771 οὔτε
1003 731 1063 771 τι
1125 705 1269 771 τότε
1316 708 1687 784 ἠδικήσαμεν
1738 709 1877 779 τοὺς
1927 707 2146 790 ἄνδρας
2197 711 2446 783 τούτους
2499 713 2726 800 [οὐδὲν]
2777 713 2916 780 οὔτε
2965 718 3068 778 νῦν

608 876 615 882 ,
678 811 947 894 πρότεροι
995 811 1403 892 πειρησόμεθα
1451 815 1728 880 ἀδικέειν.
1777 813 1864 880 IV
1919 813 2046 880 197
2094 816 2198 880 καὶ
2244 817 2473 882 τούτων
2511 820 2564 884 οἱ
2616 819 2831 885 πολλοὶ
2876 819 3068 897 βασι-

679 917 813 992 λέος
860 924 966 984 τοῦ
1014 921 1240 996 Μήδων
1283 920 1421 986 οὔτε
1472 945 1542 985 τι
1592 927 1692 984 νῦν
1743 921 1882 987 οὔτε
1931 920 2074 986 τότε
2127 922 2469 1005 ἐφρόντιζον
2523 925 2775 1010 [οὐδέν].
2825 925 3066 992 Eadem

678 1030 775 1089 est
834 1027 996 1092 ratio
1056 1025 1181 1092 loci
1237 1025 1402 1092 VIII
1456 1024 1545 1090 20
1592 1027 1730 1092 οὔτε
1782 1050 1853 1091 τι
1905 1025 2341 1106 ἐξεκομίσαντο
2389 1031 2619 1096 οὐδὲν
2669 1031 2809 1097 οὔτε
2859 1057 3070 1114 προσε-

676 1129 949 1208 σαξαντο
968 1179 986 1214 ,
1050 1132 1165 1198 ubi
1225 1137 1440 1197 tamen
1504 1133 1798 1220 ambigas
1859 1139 2083 1200 utrum
2131 1134 2297 1199 οὐδὲν
2344 1134 2807 1204 eliminandum
2853 1142 2938 1205 sit
2989 1161 3068 1206 an

676 1236 907 1304 vocula
950 1262 1049 1322 τι,
1093 1257 1284 1323 quam
1322 1238 1518 1304 codex
1558 1239 1912 1304 Vaticanus
1953 1243 2221 1306 omittit.
2271 1243 2469 1308 Amat
2515 1264 2666 1310 vero
2706 1243 3071 1311 Herodotus

675 1350 819 1430 post
862 1346 1269 1432 negationem
1318 1365 1567 1411 servare
1614 1348 1960 1430 positivam
2011 1351 2330 1414 notionem
2349 1395 2366 1426 ‚
2419 1359 2608 1434 quam
2651 1351 3069 1417 Athenienses

672 1453 741 1516 in
787 1453 1159 1538 negativam
1205 1459 1601 1518 commutare
1649 1451 1957 1536 assolent,
2012 1474 2218 1538 neque
2259 1456 2466 1540 igitur
2503 1456 2869 1522 mirandum
2903 1457 3068 1522 ludi·

674 1558 1020 1644 magistros
1066 1559 1133 1620 in
1181 1577 1367 1642 opere
1412 1557 1926 1642 frequentissime
1967 1565 2039 1624 ut
2081 1558 2336 1626 videtur
2373 1562 2444 1626 in
2485 1561 2720 1628 scholis
2783 1563 3068 1630 lectitato

675 1683 817 1730 eam
863 1662 1356 1748 discrepantiam
1404 1663 1625 1730 sedulo
1672 1669 1943 1732 notasse.

765 1875 893 1942 VII
942 1876 1027 1940 10
1072 1859 1215 1941 init.
1270 1876 1661 1957 Ἀρτάβανος
1711 1914 1752 1927 -
1799 1878 2045 1957 πάτρως
2094 1879 2230 1942 ἐὼν
2281 1877 2499 1959 Ξέρξῃ,
2551 1883 2633 1958 τῷ
2684 1882 2753 1954 δὴ
2805 1883 2907 1945 καὶ
2959 1882 3069 1947 πί-

674 2005 847 2052 συνος
900 1982 1036 2046 ἐὼν
1076 1979 1259 2061 ἔλεγε
1302 1981 1477 2048 τάδε.
1525 1983 1741 2050 Metus
1779 1983 2026 2050 librarii
2067 2004 2237 2050 error
2275 1985 2530 2050 videtur
2573 1985 2676 2050 ἐών
2725 1991 3069 2072 repetentis

673 2111 708 2154 e
769 2090 1154 2176 praegressis
1212 2109 1324 2174 pro
1372 2083 1440 2162 ἦν
1460 2136 1475 2167 ,
1550 2111 1664 2154 nec
1690 2075 2102 2156 'structuram
2152 2095 2372 2156 tuetur
2419 2091 2591 2157 ullus
2638 2090 2814 2158 locus
2862 2115 2938 2158 ex
2983 2096 3068 2160 iis

677 2215 835 2281 quos
894 2193 1185 2262 laudavit
1243 2193 1545 2261 Steinius.
1598 2232 1682 2244 —-
1731 2193 2035 2280 Sequitur
2081 2198 2170 2260 Ὠ
2223 2197 2532 2276 βασιλεῦ,
2573 2200 2662 2274 μὴ
2701 2198 3067 2279 λεχθεισέων

675 2300 789 2380 μὲν
860 2300 1147 2378 γνωμέων
1218 2301 1439 2367 αἰντίων
1506 2303 1822 2382 ἀλλήλῃσι
1891 2303 2000 2366 οὐκ
2069 2299 2160 2370 ἔςι
2232 2304 2340 2376 τὴν
2411 2303 2642 2378 ἀμείνω
2689 2304 3070 2385 ἀἱρεόμενον

676 2406 1044 2491 ἑλέσθαι,
1092 2407 1273 2473 ἀλλὰ
1322 2406 1415 2474 δεῖ
1458 2417 1535 2489 τῇ
1582 2407 1862 2490 εἰρημένῃ
1909 2409 2203 2490 χρᾶσθαι.
2253 2409 2540 2474 Permire
2589 2411 2836 2476 dictum
2875 2413 3070 2492 αἱρεό-

670 2537 849 2594 μενον
888 2515 1154 2579 ἑλέσθαι.
1203 2513 1538 2602 Suspicor:
1586 2516 1932 2596 αἱρεόμενον
1973 2513 2470 2601 έπέπεσθαι,
2510 2523 2586 2582 ut
2625 2517 2790 2583 infra
2825 2516 3069 2607 legitur

672 2624 791 2689 sub
828 2624 905 2710 y)
942 2623 1048 2689 καὶ
1090 2623 1232 2688 τότε
1273 2647 1351 2703 γε
1392 2624 1445 2687 εἷ
1485 2628 1732 2695 Ἰςιαῖος
1781 2626 1810 2685 o‘
1851 2625 2136 2696 Μιλήτου
2175 2624 2457 2705 τύραννος
2501 2624 2906 2689 ἐπέσπετο
2945 2632 3064 2690 τῶν

670 2729 882 2795 ἄλλων
928 2730 1227 2809 τυράννων
1272 2740 1364 2811 τῇ
1406 2730 1682 2809 γνώμῃ
1725 2729 1852 2792 κτέ.
1917 2728 2164 2793 Ibidem
2213 2731 2331 2794 sub
2381 2731 2442 2817 n)
2493 2737 2653 2795 extr.
2705 2731 2732 2795 ὃ
2780 2731 2894 2808 μὲν
2936 2732 3064 2811 γὰρ

672 2835 1034 2917 διαβάλλων
1093 2835 1319 2901 ἀδικέει
1384 2837 1450 2900 οὔ
1512 2834 1842 2912 παρεόντος
1907 2837 2334 2918 κατηγορέων,
2398 2839 2428 2901 ὀ
2476 2835 2537 2901 δὲ
2583 2835 2869 2923 [ἀδικέει]
2912 2839 3065 2903 ἁνα-

672 2942 1045 3027 πειθόμενος.
1092 2941 1395 3008 Deleatur
1438 2942 1713 3009 'verbum
1763 2942 1898 3006 sine
1943 2942 2012 3007 vi
2056 2944 2424 3027 repetitum.

761 3151 883 3218 VH
931 3152 1011 3217 ll
1074 3152 1250 3218 ἀλλὰ
1300 3152 1519 3217 ποιέειν
1567 3152 1601 3228 ἢ
1650 3152 1947 3225 παθεῖν
1997 3152 2320 3233 προκέεται
2370 3152 2542 3231 ἀγών
2589 3155 2718 3219 κτὲ.
2791 3144 3062 3221 Cencin-

668 3262 815 3327 nius
879 3266 975 3325 est
1040 3259 1430 3341 πάσχειν.
1492 3297 1577 3307 -
1624 3259 1698 3325 In
1745 3257 1867 3324 fine
1913 3262 2144 3344 capitis
2191 3262 2537 3344 requiritur
2585 3260 3061 3341 κατεστρέψατο

670 3363 823 3431 οὕτω
872 3361 1019 3435 ὥστε
1068 3366 1207 3453 (pro
1252 3366 1357 3451 ὥς)
1410 3402 1493 3414 -
1544 3367 1840 3443 ἐπώνυμοι
1890 3370 1995 3429 τοῦ
2044 3364 2608 3445 καταςρεψαμένου
2657 3368 3012 3433 καλέονται.

761 3578 887 3643 VH
948 3578 1031 3643 15
1077 3581 1219 3645 init.
1288 3579 1409 3657 ἐγὼ
1454 3578 1525 3644 τὸ
1574 3579 1934 3659 παραυτίκα
1981 3579 2095 3655 μὲν
2144 3579 2252 3644 οὔκ
2300 3578 2574 3659 ἐφρόνεον
2625 3573 2821 3653 <εὖ>
2872 3579 3054 3655 εἴπας

666 3684 727 3754 ἐς
774 3685 842 3749 σε
887 3682 1137 3761 μάταια
1187 3682 1326 3759 ἔπη.
1376 3683 1484 3750 Sic
1530 3683 1876 3771 leg-endum
1927 3684 2145 3750 addita
2192 3684 2422 3750 vocula
2469 3687 2818 3751 necessaria
2839 3734 2854 3764 ,
2900 3708 3061 3772 quae

658 3810 786 3857 non
846 3790 1237 3857 desideratur
1299 3811 1437 3876 cap.
1509 3788 1589 3855 16
1657 3791 1835 3855 inin:
1893 3784 2058 3854 Ἴσον
2111 3826 2151 3839 -
2199 3788 2505 3871 κέκριται,
2569 3790 2944 3873 φρονέειν
2988 3816 3062 3857 τε

665 3893 748 3963 εὖ
795 3896 899 3963 καὶ
950 3932 991 3947 -
1038 3896 1376 3962 πείθεσθαι.

759 4108 884 4175 VII
934 4108 1017 4175 15
1066 4114 1167 4175 νῦν
1218 4110 1279 4176 δὲ
1327 4111 1431 4175 καὶ
1480 4108 2044 4183 διαπειλῆσαν
2094 4108 2361 4192 οἴχεται.
2410 4110 2668 4177 Veteres
2706 4117 2770 4177 et
2807 4112 3060 4197 probati

664 4218 997 4301 scriptores
1072 4223 1378 4301 usurpant
1448 4217 1731 4281 οὶπειλεῖν
1802 4221 1866 4280 et
1937 4215 2384 4281 διαπειλεῖσθαι
2407 4266 2421 4293 ,
2496 4236 2621 4283 non
2692 4218 3084 4305 Btoewseasfv„

664 4320 925 4406 Optime
980 4322 1175 4386 codex
1214 4322 1355 4389 Vat.
1396 4322 1501 4387 καὶ
1545 4322 1615 4395 δὴ
1656 4323 2164 4396 ἁπειλῆσαν,
2208 4323 2541 4407 eidemque
2579 4324 2780 4388 codici
2820 4323 2883 4388 II
2927 4322 3044 4389 121

652 4452 729 4506 or,
775 4434 933 4493 extr.
982 4428 1247 4493 debetur
1294 4448 1443 4495 vera
1488 4429 1802 4514 scriptura
1849 4428 2159 4493 ἀπειλέειν
2209 4449 2320 4513 pro
2369 4428 2760 4494 διαπειλέειν.
