3436 5161
666 334 799 405 276
1532 349 1809 400 mnus
1852 347 2188 400 sosarnus.

753 517 1028 602 Reliqua
1086 521 1237 582 sunt
1283 515 1413 580 fere
1454 515 1533 580 de
1578 513 1996 580 Pontificibus
2041 513 2347 580 Maximis
2393 519 2460 579 et
2503 517 2858 580 maximam
2904 534 3058 598 par-

666 631 797 690 tem
845 631 1138 709 excerpta
1182 628 1334 686 sunt
1380 642 1458 686 ex
1505 621 1728 705 Antiq.
1773 619 1884 685 20.
1930 617 2051 705 103
2089 619 2254 685 nihil
2291 639 2450 706 opus
2486 626 2585 686 est
2620 621 2794 685 hisce
2813 622 3056 684 immo·

662 733 789 796 rari
853 735 917 794 et
979 729 1327 794 ostendisse
1386 726 1551 792 mihi
1610 727 1828 792 videor
1889 746 2037 791 eum
2102 728 2214 810 qui
2256 726 2412 791 haec
2458 731 2755 810 excerpta
2798 727 3054 810 primns

664 837 1141 918 conscripserit,
1206 837 1595 920 quicumque
1652 835 1709 896 is
1767 832 1995 910 fuerit,
2061 853 2138 896 ex
2200 830 2384 898 Novo
2431 831 2838 897 Testamento
2881 828 3055 894 nihil

662 942 1017 1024 addidisse,
1066 961 1179 1005 nec
1226 939 1425 1004 fuisse
1474 935 1936 1004 Christianum.
2006 935 2154 1022 Ipsa
2199 937 2570 1025 diligentia,
2627 958 2752 1022 qua
2797 957 3056 1022 semper

658 1047 1007 1114 recurritur
1067 1046 1145 1110 ad
1209 1043 1583 1130 pontificum
1646 1047 1877 1108 seriem
1939 1051 2006 1108 et
2065 1044 2146 1108 ad
2199 1043 2428 1128 templi
2471 1042 3054 1128 Hierosolymitani

660 1153 995 1218 historiam
1014 1198 1031 1229 ,
1079 1150 1233 1216 facit
1284 1159 1355 1216 ut
1400 1153 1775 1234 scriptorem
1816 1169 2114 1234 quaerere
2153 1148 2460 1214 malimus
2498 1150 2665 1213 inter
2696 1149 2836 1220 τοὺς
2877 1173 3052 1226 περι-

578 1269 581 1272 ’
658 1259 1097 1337 τετμημένους.
1169 1253 1469 1324 Ceterum
1534 1256 1728 1321 homo
1791 1257 2062 1320 minime
2120 1263 2346 1320 acutus
2405 1256 2530 1320 fuit
2585 1261 2651 1320 et
2694 1254 3050 1321 ridiculum

658 1372 754 1432 est
813 1368 882 1430 in
942 1367 1160 1450 paucis
1222 1363 1393 1448 quod
1446 1362 1643 1426 tradit
1704 1361 1782 1426 de
1850 1363 2172 1449 Agrippae
2231 1360 2501 1428 filiabus.
2587 1361 2848 1427 Mortuo
2891 1381 3054 1446 rege

658 1479 987 1551 Καισαρεῖς
1034 1469 1139 1534 καὶ
1190 1469 1538 1546 Σεβαςηνοὶ
1582 1468 1724 1539 τοὺς
1773 1467 2138 1546 ἀνδριάντας
2189 1474 2306 1532 τῶν
2343 1473 2450 1532 τοῦ
2487 1467 2803 1545 βασιλέως
2847 1469 3048 1545 θυγα-

655 1577 838 1656 τέρων
884 1575 1281 1655 ἁρπάσαντες
1330 1573 1713 1652 ὁμοθυμαδὸν
1765 1571 2057 1648 ἐκόμισαν
2107 1575 2190 1645 εἰς
2242 1575 2326 1638 τὰ
2374 1581 2642 1655 πορνεῖα.
2713 1572 2883 1638 Leve
2922 1573 3050 1638 hoc

654 1684 979 1772 flagitium
1028 1684 1238 1748 visum
1288 1681 1415 1746 fuit
1460 1682 1850 1765 excerptori:
1907 1681 2116 1766 regias
2156 1681 2438 1767 virgines
2477 1679 2630 1745 audi
2667 1699 2827 1764 quae
2867 1676 3048 1744 tule-

654 1791 818 1855 rint:
886 1791 967 1853 Οἱ
1016 1787 1363 1866 Σεβαςηνοὶ
1414 1789 1557 1851 κατ’
1604 1787 1894 1862 οὐδεμίαν
1941 1785 2143 1858 ἄλλην
2194 1787 2505 1868 πρόφασιν
2553 1788 2715 1861 πλην
2761 1790 2866 1850 τοῦ
2912 1811 3048 1862 μα-

654 1905 823 1972 νῆναι
903 1895 1301 1975 ἁρπάσαντες
1378 1892 1581 1973 ἁθρόον
1652 1891 1759 1956 καὶ
1832 1892 2115 1972 πορνείοις
2189 1894 2747 1970 ἐγκατατήσαντες
2819 1895 3048 1956 πᾶσαν

652 2005 879 2074 αὑταῖς
945 1997 1119 2081 ὕβριν
1175 2001 1355 2080 ῥητὴν
1414 1997 1519 2063 καὶ
1587 1997 1840 2079 ἄρρητον
1910 1996 2320 2076 ἐπεδείξαντο.
2413 1999 2745 2065 Nimirum
2814 2001 3048 2064 crescit

654 2107 827 2172 fama
874 2106 1101 2173 eundo.

744 2212 942 2279 Venio
981 2213 1059 2279 ad
1098 2212 1317 2277 Photii
1354 2210 1636 2277 codicem
1674 2207 1760 2274 33
1779 2259 1797 2288 ,
1836 2231 1987 2276 nam
2027 2217 2286 2298 propter
2322 2213 2491 2279 hunc
2533 2214 2814 2279 codicem
2841 2215 3042 2297 potis-

650 2321 892 2386 simum
952 2320 1275 2404 superiora
1335 2317 1886 2404 pertractavimus.
1973 2315 2360 2384 Chronicum
2419 2325 2555 2386 erat
2600 2319 2774 2385 Justi
2819 2319 3000 2385 illius
3019 2366 3042 2398 ,

650 2445 838 2510 quem
900 2424 940 2490 J
943 2425 1214 2511 osephus
1268 2426 1335 2489 in
1383 2423 1539 2490 Vita
1582 2428 1720 2488 tam
1767 2426 1996 2489 acriter
2039 2427 2435 2513 perstringit.
2503 2425 2866 2492 Audiamus
2907 2424 3040 2490 Pa-

648 2531 1013 2598 triarcham.
1084 2529 1349 2615 Scripsit
1395 2529 1732 2595 historiam
1777 2527 1816 2595 J
1821 2535 2003 2596 ustus
2049 2531 2129 2596 ab
2177 2529 2354 2597 Mose
2403 2551 2602 2617 usque
2641 2533 2719 2598 ad
2761 2536 3038 2597 mortem

646 2640 1002 2725 Agrippae:
1064 2642 1335 2721 τελευτᾷ
1385 2636 1446 2700 δὲ
1493 2635 1521 2699 ὅ
1569 2635 1876 2714 βασιλεὺς
1924 2634 2046 2701 ἔτει
2094 2638 2276 2717 τρίτῳ
2322 2642 2629 2718 Τραϊανοῦ
2654 2688 2670 2715 ,
2721 2634 2790 2703 οὗ
2836 2638 2942 2703 καὶ
2999 2640 3040 2713 ἢ

643 2744 839 2823 ἱςορία
904 2740 1267 2819 κατέληξεν.
1344 2746 1492 2810 ”Ee-1
1552 2742 1617 2807 δὲ
1677 2743 1788 2819 την
1850 2741 2080 2823 Φράσιν
2135 2742 2606 2820 συντομώτατός
2670 2767 2742 2809 τε
2787 2744 2893 2809 καὶ
2944 2746 3038 2809 τὰ

642 2858 879 2919 πλεῖς-α
940 2856 1056 2913 τῶν
1116 2848 1636 2928 ἀναγκαιοτάτων
1697 2849 2153 2930 παραδραμών·
2205 2852 2302 2923 ὦς
2351 2850 2426 2915 δὲ
2473 2852 2576 2915 τα
2627 2851 3038 2916 Ἰουδαίων

640 2962 882 3021 νοσῶν
946 2955 1115 3043 (lege
1177 2955 1469 3041 ἀσκῶν)
1535 2954 1924 3027 Ἰουδαῖός
1984 2980 2070 3019 τε
2137 2956 2272 3020 καὶ
2337 2958 2589 3031 αὐτὸς
2640 2956 3035 3039 ὑπάρχων

636 3063 722 3127 τὸ
785 3060 1051 3140 γένος,
1109 3068 1247 3133 τῆς
1310 3064 1599 3140 Χριςοῦ
1648 3062 2120 3141 παρουσίας
2169 3064 2501 3127 καὶτῶν
2550 3064 2730 3143 περὶ
2781 3063 3036 3129 αὐτὸν

638 3168 1185 3235 τελεσθέντων
1260 3170 1394 3231 καὶ
1467 3172 1615 3231 τῶν
1689 3166 1806 3231 ὑπ’
1879 3169 2132 3232 αὐτοῦ
2205 3170 3032 3250 τερατουργηθέντων

633 3274 948 3344 οὐδενὸς
1031 3270 1222 3345 ὅλως
1296 3274 1618 3349 μνήμην
1689 3273 2164 3347 ἐποιήσατο.
2258 3274 2684 3360 Agnoscimus
2753 3275 3032 3341 eundem

632 3378 951 3445 Judaeum
975 3426 991 3457 ‚
1052 3382 1163 3463 qui
1210 3382 1533 3463 superiora
1579 3399 1656 3443 ex
1702 3376 1740 3443 J
1745 3380 1978 3464 osepho
2023 3382 2376 3465 excerpsit3
2433 3380 2660 3447 deinde
2711 3380 3032 3449 Christia-

631 3506 754 3549 nus
795 3484 1055 3569 quidam
1096 3482 1343 3548 addidit
1380 3504 1541 3567 quae
1580 3483 1859 3549 diductis
1899 3484 2102 3549 literis
2143 3487 2534 3552 notavimus.
2566 3484 2734 3567 Quid
2761 3484 3032 3553 autem?

630 3590 669 3656 J
674 3596 855 3656 ustus
903 3588 1248 3655 admodum
1296 3590 1598 3655 brevitati
1642 3590 1882 3655 studet:
1937 3609 2062 3654 non
2102 3596 2199 3655 est
2246 3593 2451 3678 igitur
2477 3592 2846 3658 mirandum
2872 3614 3027 3660 eum

632 3696 797 3762 nihil
858 3696 1063 3761 dicere
1122 3695 1200 3760 de
1260 3692 1297 3760 J
1304 3716 1448 3779 esu,
1510 3697 1566 3760 si
1622 3696 1884 3779 quidem
1947 3696 2115 3781 apud
2179 3694 2560 3784 Josephum,
2631 3721 2820 3785 quem
2853 3734 2856 3739 ·
2887 3708 3028 3765 tam

630 3804 959 3889 loquacem
1025 3808 1090 3868 et
1150 3802 1473 3887 prolixum
1530 3822 1667 3866 esse
1729 3803 2063 3879 novimus,
2126 3810 2259 3868 tam
2321 3824 2521 3889 pauca
2580 3806 2770 3871 hodie
2821 3805 2897 3870 de
2943 3826 3023 3871 eo

632 3910 964 3998 legantur,
1014 3916 1087 3974 ut
1133 3930 1213 3975 ne
1262 3908 1601 3973 dimidiam
1650 3908 1911 3993 quidem
1959 3909 2262 3995 paginam
2299 3909 2632 3995 impleant.
2673 3910 2813 3976 Aut
2835 3910 3028 3976 fallor

634 4022 746 4080 aut
795 4017 988 4080 verba
1034 4035 1107 4081 ea
1154 4018 1507 4100 conscripta
1556 4020 1620 4079 et
1665 4016 1903 4079 inserta
1949 4020 2099 4079 sunt
2145 4014 2256 4079 diu
2295 4022 2444 4081 ante
2481 4015 2828 4096 Photium‚
2868 4020 3026 4103 quin

635 4127 700 4187 et
746 4129 891 4187 ante
938 4121 1288 4187 Eusebium
1310 4170 1327 4205 ‚
1378 4140 1501 4206 quo
1550 4124 1837 4205 tempore
1879 4140 2102 4187 revera
2147 4124 2222 4186 de
2267 4120 2420 4186 Jesu
2461 4122 2632 4207 apud
2669 4121 3026 4209 Josephum

635 4228 845 4293 multo
904 4227 1089 4313 plura
1147 4226 1513 4315 legerentur
1572 4246 1768 4311 quam
1831 4226 2020 4292 hodie
2081 4234 2438 4312 supersunt.
2508 4228 2730 4314 Itaque
2775 4232 3025 4296 exami-

634 4335 842 4400 nanda
904 4336 1183 4420 suspicio
1244 4337 1393 4411 erit,
1460 4353 1619 4398 num
1682 4332 1845 4398 forte
1905 4335 2222 4420 genuinus
2267 4333 2346 4399 de
2391 4334 2430 4399 J
2435 4355 2546 4400 esu
2593 4334 2770 4427 locus
2817 4335 3028 4401 elimi-

632 4446 823 4506 natus
856 4442 943 4505 sit
980 4445 1045 4505 et
1084 4446 1302 4524 postea
1340 4438 1467 4505 alia
1509 4458 1705 4523 eaque
1747 4438 2036 4505 breviora
2073 4442 2402 4525 supposita
2425 4444 2575 4508 sint.
2621 4442 2756 4509 Nec
2780 4446 3022 4509 mirum
