3436 5161
1373 397 1693 448 Romus.
2176 347 2179 355 ⁵
2593 377 2723 442 405

434 559 682 646 Nempe
727 561 962 628 formes
1009 563 1085 629 de
1130 565 1362 650 quibus
1406 564 1733 650 loquimur
1778 583 1816 629 a
1858 565 2125 650 posteris
2164 567 2330 629 certe
2366 583 2555 630 sensu
2579 563 2720 650 plu·

339 667 494 734 ralis
538 669 788 734 numeri
835 669 1151 737 adhibitas
1193 670 1404 738 fuisse.

432 773 640 861 Atqui
684 780 797 841 aut
840 775 1008 841 nihil
1051 775 1223 844 valet
1266 778 1387 844 hoc
1433 781 1887 866 argumentum
1906 826 1926 862 ,
1972 782 2085 842 aut
2132 773 2303 843 valet
2345 777 2601 861 perinde
2640 777 2717 842 de

339 879 487 946 aliis
532 881 878 948 vocabulis.
927 881 1018 949 Ut
1063 883 1432 971 exemplum
1479 885 1769 951 afferam:
1823 903 1949 950 vox
1991 882 2135 948 ὄσσε
2175 887 2351 948 estne
2389 882 2599 950 dualis
2636 905 2717 949 an

337 983 502 1055 non?
548 1010 604 1055 e.
635 1009 700 1076 g.
751 1013 781 1053 ν
823 987 990 1056 401:
2000 1055 2009 1068 ,

770 1094 1048 1176 κνυζώσω
1095 1095 1167 1163 δέ.
1204 1121 1294 1162 τοι
1341 1097 1484 1164 ὄσσε
1531 1098 1721 1180 πάρος
1770 1095 2129 1180 περικαλλέ’
2170 1095 2355 1164 ἐόντε.

335 1200 590 1266 Dixeris
639 1202 910 1268 dubium
958 1206 1201 1270 moveri
1245 1225 1368 1270 non
1412 1227 1621 1292 posse,
1671 1226 1820 1270 cum
1867 1209 1933 1270 et
1976 1203 2247 1269 formam
2294 1208 2359 1268 et
2404 1201 2725 1291 significa·

336 1309 579 1374 tionem
627 1316 744 1374 τῶν
793 1309 1004 1375 δυικῶν
1051 1310 1404 1378 clarissime
1447 1313 1714 1390 referat3
1764 1313 1841 1377 ab
1888 1309 2170 1376 Homero
2210 1321 2425 1376 autem
2466 1310 2718 1374 nonnisi

336 1417 404 1479 in
476 1417 872 1485 nominativo
944 1424 1010 1483 et
1077 1421 1439 1487 accusativo
1508 1419 1862 1485 adhibetur.
1938 1416 2031 1483 At
2092 1419 2325 1503 posteri
2386 1437 2424 1480 a
2462 1421 2720 1482 vetusta

335 1521 622 1608 bonaque
694 1524 1144 1590 consuetudine
1213 1525 1696 1604 aberraverunt,
1770 1523 2085 1590 finxerunt
2133 1525 2304 1588 enim
2352 1524 2717 1609 genitivum

332 1627 523 1694 ὅσσων
551 1627 606 1716 ¹)
652 1637 718 1696 et
764 1631 1055 1698 dativum
1099 1630 1382 1719 ἕποιο-(ι)
1411 1633 1500 1720 ²),
1547 1653 1698 1698 cum
1744 1633 1817 1697 hi
1863 1651 2045 1696 casus
2088 1634 2202 1696 aut
2246 1648 2423 1694 more
2468 1626 2714 1693 Home·-

329 1737 462 1802 rico
512 1757 551 1802 a
595 1739 882 1825 cognatis
925 1739 1295 1805 nominibus
1339 1737 1519 1816 ὄμμα
1559 1745 1623 1804 et
1661 1738 1987 1820 ὀφθαλμός
2016 1742 2222 1802 essent
2244 1733 2575 1817 sumendi,
2604 1738 2717 1799 ant

325 1845 382 1909 si
443 1844 608 1930 quid
664 1847 814 1912 novi
874 1843 1146 1912 formare
1207 1844 1520 1931 placeret,
1568 1849 1765 1912 ὅσα-οἶν
1813 1844 2153 1911 dicendum
2202 1847 2364 1908 esset
2420 1845 2489 1906 in
2536 1845 2713 1906 utro-

325 1971 447 2035 que
503 1971 672 2016 casu.

415 2056 500 2123 In
545 2061 800 2125 nomine
846 2063 1061 2125 autem
1109 2061 1508 2128 substantivo
1553 2064 1609 2127 si
1661 2065 1755 2127 sic
1800 2061 2014 2146 potuit
2051 2059 2327 2125 aberrari
2370 2077 2407 2122 a
2439 2056 2714 2123 dictione

325 2161 710 2244 Homerica,
759 2186 882 2231 non
934 2168 1178 2232 mirum
1225 2169 1281 2233 si
1325 2167 1532 2235 multo
1575 2167 1835 2256 longius
1880 2187 1917 2232 a
1961 2167 2069 2232 via
2107 2165 2373 2251 pristina
2396 2164 2709 2230 deflexum

329 2277 424 2336 est
489 2273 558 2336 in
621 2272 990 2338 adhibendis
1037 2275 1452 2358 pronominum
1510 2275 1733 2339 formis
1754 2323 1772 2357 ‚
1836 2292 2107 2358 quarum
2174 2270 2709 2359 significationem

327 2397 526 2462 quam
589 2377 758 2444 male
803 2383 1234 2466 perspexerint
1278 2381 1545 2465 posteri,
1596 2383 1811 2446 notius
1858 2384 1955 2445 est
1999 2398 2191 2464 quam
2242 2378 2411 2464 quod
2448 2378 2554 2442 hic
2600 2376 2710 2442 de-

329 2489 749 2561 monstretur,
823 2487 960 2569 ipse
1022 2488 1193 2550 enim
1261 2491 1475 2551 textus
1534 2486 1919 2552 Homericus
1978 2487 2218 2579 passim
2278 2483 2349 2550 id
2408 2483 2704 2564 ostendit.

327 2589 552 2676 Neque
611 2592 1034 2657 recentiorum
1095 2593 1374 2678 profecto
1434 2596 2007 2680 grammaticorum
2066 2591 2168 2657 illi
2230 2597 2381 2657 sunt
2434 2612 2671 2658 errores
2692 2640 2709 2670 ,

329 2697 438 2762 sed
500 2699 652 2783 ipsis
711 2698 986 2763 Athenis
1047 2698 1314 2765 mirifice
1379 2701 1558 2765 abusi
1619 2708 1770 2765 suut
1826 2702 2049 2786 poetae
2111 2699 2331 2763 formis
2390 2701 2665 2765 vetustis
2686 2746 2703 2774 ‚

329 2825 486 2889 quas
535 2810 599 2870 et
643 2804 744 2869 illi
789 2798 994 2894 igitur
1039 2811 1103 2873 et
1149 2805 1439 2892 aequales
1485 2807 1717 2892 quibus
1764 2807 2123 2872 scribebant
2159 2826 2384 2891 parum
2416 2803 2707 2871 inteHec-
2802 2888 2809 2895 .

327 2916 426 2975 tas
471 2911 807 2976 habebant.

419 3014 756 3083 Caeterum
841 3040 963 3085 non
1051 3042 1178 3085 una
1245 3022 1592 3106 eademque
1652 3040 1787 3087 sors
1856 3020 1981 3084 fuit
2048 3020 2249 3084 trium
2322 3020 2399 3085 de
2470 3020 2705 3105 quibus

327 3122 574 3189 dudum
623 3123 948 3210 loquimur
991 3127 1338 3193 formarum
1390 3126 1572 3204 ἄμμε
1619 3125 1793 3204 ὔμμε
1832 3132 1994 3207 σφε,
2039 3126 2147 3191 sed
2188 3125 2434 3191 duabus
2476 3128 2703 3211 priori-

324 3230 446 3295 bus
506 3228 715 3296 multo
777 3216 1153 3299 clementius
1210 3233 1337 3299 fuit
1397 3235 1604 3301 fatum
1665 3254 1857 3320 quam
1905 3234 2150 3299 tertiae.
2221 3231 2317 3298 De
2361 3232 2480 3299 hac
2526 3235 2705 3319 prius

324 3337 676 3402 videamus.
1296 3407 1303 3415 ,

413 3442 586 3509 nlud
647 3448 771 3527 σφε
795 3494 812 3522 ,
879 3446 1044 3530 quod
1109 3445 1365 3513 dualem
1429 3447 1586 3513 olim
1651 3448 1877 3533 fuisse,
1939 3451 2005 3512 et
2062 3446 2234 3512 idem
2300 3447 2467 3532 quod
2532 3448 2699 3511 αὐτώ

324 3549 536 3617 valere
601 3552 670 3615 in
741 3550 966 3639 lingua
1031 3552 1349 3619 homerica
1366 3604 1384 3638 ‚
1449 3554 1909 3620 demonstrasse
1977 3554 2136 3619 mihi
2198 3554 2417 3620 videor
2435 3602 2453 3638 ,
2535 3553 2702 3639 apud

393 3786 445 3851 1)
476 3784 640 3835 ’ὄσσων
685 3786 804 3837 Has.
848 3788 1023 3853 Theog.
1060 3790 1182 3849 ese,
1214 3788 1392 3855 aym.
1434 3766 1636 3854 Orpheos
1658 3789 1725 3842 ἰο
1757 3806 1825 3839 vs.
1863 3791 1921 3849 e,
1955 3787 2223 3838 *neom-it.
2258 3788 2351 3847 23,
2385 3789 2441 3845 e;
2478 3788 2569 3846 24,
2606 3787 2701 3841 ἰω

319 3871 369 3917 et
401 3870 587 3935 saepius
617 3870 742 3935 apud
777 3870 1025 3937 Tragicos:
1063 3874 1230 3923 Aesch.
1265 3874 1510 3923 Prometh.
1547 3873 1672 3931 898,
1709 3874 1821 3921 Eur.
1857 3872 1989 3921 Med.
2023 3870 2147 3930 906,
2189 3870 2339 3936 Hipp.
2374 3870 2501 3927 245,
2542 3869 2699 3928 1396,

322 3949 478 4009 1444,
513 3952 694 4005 Hecub.
732 3954 890 4011 1105,
925 3954 1106 4004 Phoen.
1143 3954 1265 4015 870,
1300 3956 1465 4021 Suppl.
1502 3957 1596 4016 48,
1633 3956 1725 4015 96,
1762 3954 1959 4004 Hercul.
1998 3954 2091 4003 fur.
2122 3954 2247 4012 450,
2268 3952 2395 4012 625,
2418 3952 2521 4001 Ion.
2542 3952 2703 4012 1369,

321 4031 428 4099 Iph.
465 4034 624 4085 Aulia.
659 4034 784 4096 477.
819 4037 986 4103 ἶῐῑῑεῐῦ.
1025 4038 1148 4097 808,
1186 4040 1232 4087 3.

387 4116 438 4176 2)
469 4112 670 4165 ’ὄσσοισι
707 4116 824 4169 Hes.
860 4120 988 4168 Scut.
1024 4120 1138 4169 426.

383 4194 558 4255 ’ὄσσοις
605 4200 740 4249 Hom.
779 4202 965 4265 Hymn.
1010 4202 1102 4261 81,
1151 4202 1206 4261 9,
1253 4204 1370 4252 Hes.
1409 4204 1539 4253 Scut.
1574 4204 1700 4261 4³0,
1738 4201 1903 4266 Sapph.
1940 4201 2001 4251 fr.
2040 4203 2131 4260 16,
2170 4200 2405 4264 Licymnii
2434 4201 2605 4266 fragm.
2642 4206 2699 4262 3;

323 4279 508 4343 Orphic.
559 4280 729 4345 fragm.
767 4283 794 4331 1
829 4300 896 4333 vs.
937 4286 1025 4343 15,
1071 4284 1255 4348 orphic.
1295 4284 1561 4351 Aryonaut.
1601 4286 1723 4342 184,
1762 4286 1883 4343 540,
1918 4285 2129 4349 itemque
2162 4284 2285 4349 apud
2318 4284 2539 4347 Tragicos
2573 4286 2700 4335 hand

317 4360 669 4426 infrequenter:
705 4364 870 4415 Aesch.
908 4366 1152 4415 Prometh.
1192 4367 1317 4427 145,
1354 4367 1480 4427 679,
1515 4371 1792 4433 Agamemn.
1829 4366 1956 4426 470,
1992 4368 2132 4424 soph.
2169 4367 2509 4431 Antig.1281,
2528 4368 2697 4417 Trach.

316 4443 442 4503 999,
479 4446 592 4495 Eur.
627 4446 729 4497 Alc.
763 4446 891 4505 269,
929 4448 1052 4500 Ηοο.
1086 4448 1207 4508 915,
1243 4450 1389 4501 Herc.
1426 4452 1516 4502 fur.
1555 4450 1680 4509 ⁹38,
1715 4450 1825 4500 Ion.
1863 4450 1983 4510 198,
2026 4450 2200 4501 Helen.
2233 4451 2355 4510 122,
2378 4452 2547 4501 Bacch.
2568 4450 2697 4512 236,

317 4524 474 4587 11⁶8,
515 4528 668 4588 1385,
701 4529 876 4593 fingm.
914 4530 1026 4581 894.
1415 4510 1422 4523 '
