3436 5161
1414 379 1816 429 naonorus.
2679 358 2806 427 169

514 546 613 613 IX
683 545 811 611 108
872 548 1013 611 init.
1078 546 1209 612 οὐδὲ
1268 546 1417 625 βίην
1478 546 1814 627 προσέφερε
1859 542 2338 623 προμηθεόμενος
2385 545 2470 609 τὸ
2495 568 2524 609 ν
2573 544 2806 610 ἀδελ-

424 660 479 735 Φ
496 655 619 721 εὸν
686 653 1005 727 Masis-nv.
1092 650 1368 719 Difficile
1414 658 1512 719 est
1556 651 1808 719 credere
1851 651 2125 716 verbum
2171 650 2612 731 προμηθέεσθαι
2661 670 2812 716 con-

424 762 587 827 strui
649 780 831 846 posse
888 780 1039 825 oum
1104 760 1519 835 Accusativo,
1586 758 1780 843 idque
1839 777 1912 823 eo
1975 755 2310 823 difficilius
2359 757 2528 842 quod
2571 756 2632 822 H
2684 756 2812 823 172

424 872 593 933 recte
630 866 875 953 legitur
918 865 1257 953 genetivus
1303 867 1496 944 τιμᾶν
1538 888 1609 929 τε
1654 862 1760 929 καὶ
1809 861 2247 942 προμηθέεσθαι
2287 864 2508 929 ἑωυτοῦ
2545 864 2808 930 ἐκέλευε.

428 973 756 1038 Audacius
815 971 1021 1038 videri
1083 973 1283 1056 possit
1346 971 1659 1056 corrigere
1718 973 1826 1033 τοῦ
1887 968 2200 1048 ἀδελφεοῦ
2261 970 2604 1035 Μασίστεω
2623 1018 2641 1054 ,
2704 970 2815 1035 sed

428 1099 573 1145 cum
639 1077 945 1143 Masistae
988 1097 1215 1143 nomen
1232 1125 1247 1155 ‚
1302 1076 1469 1160 quod
1517 1077 1806 1161 proxime
1853 1094 2294 1163 praegressum
2343 1080 2440 1141 est
2457 1122 2473 1153 ,
2523 1077 2815 1161 spurium

427 1185 757 1262 videatur,
805 1202 930 1249 non
978 1188 1073 1249 est
1118 1183 1337 1269 gravis
1382 1184 1659 1248 mutatio
1700 1180 2179 1260 προμηθεόμενος
2218 1205 2301 1246 το
2323 1184 2358 1244 ὖ
2398 1181 2494 1247 οἶδ
2511 1185 2814 1262 ελφεοῦ

428 1288 637 1355 deleto
684 1290 941 1354 nomine
984 1290 1239 1372 proprio
1288 1286 1455 1373 quod
1500 1286 1639 1352 loco
1681 1288 1814 1353 iam
1865 1291 2158 1371 corrupto
2205 1286 2596 1372 adscriptum
2643 1288 2818 1353 vide-

428 1400 552 1461 tur.
644 1393 879 1459 Paucis
951 1394 1345 1479 interpositis
1421 1394 1703 1480 corrige:
1767 1392 1900 1457 ἐπεὶ
1964 1394 2026 1459 δὲ
2087 1394 2218 1457 ἐκε
2237 1393 2359 1459 ῒσί
2421 1417 2492 1459 τε
2553 1394 2816 1459 ἀπίκετο

426 1520 541 1586 pro
586 1500 619 1563 ε’
634 1524 675 1565 κ
692 1526 719 1565 ε
738 1508 783 1565 T.

518 1717 621 1783 IX
686 1716 815 1783 109
878 1722 1059 1797 extr„
1105 1718 1285 1785 ἀλλὰ
1351 1717 1528 1788 πόλις
1592 1741 1663 1783 τε
1727 1717 1918 1783 ἐδίδου
1963 1718 2070 1782 καὶ
2117 1716 2348 1798 χρυσὸν
2393 1714 2670 1785 ἄπλετον
2712 1718 2820 1785 καὶ

426 1824 653 1905 ςρατόν
674 1874 689 1901 ,
770 1830 879 1890 τοῦ
942 1823 1175 1903 ἔμελλε
1233 1825 1421 1898 οὐδεὶς
1488 1821 1689 1905 ἄρξειν
1753 1823 1904 1889 ἀλλ’
1967 1824 2004 1900 ἢ
2067 1822 2258 1897 ἐκείνη
2287 1846 2304 1864 ·
2384 1822 2674 1903 Περσικὸν
2727 1825 2821 1895 ,δὲ

428 1931 632 2011 κάρτα
694 1931 755 2017 [ὃ
816 1930 1069 2019 ςρατὸς]
1144 1931 1333 2011 δῶρον.
1423 1929 1631 1997 Verba
1693 1930 1982 2009 Περσικὸν
2051 1966 2131 1979 —-
2196 1930 2370 2010 δῶρον
2431 1936 2640 2016 potest
2683 1952 2819 1997 esse

426 2036 683 2103 lectoris
744 2039 1101 2116 annotatio,
1156 2038 1267 2103 sed
1314 2038 1371 2102 si
1416 2038 1697 2124 genuina
1744 2042 1896 2103 sunt
1915 2086 1932 2121 ‚
1981 2041 2148 2103 certe
2193 2036 2598 2103 abiciendum
2646 2044 2742 2103 est
2787 2038 2818 2102 ὃ

427 2143 649 2224 epm-64·
670 2191 689 2221 ,
756 2146 824 2209 in
881 2162 1007 2228 quo
1060 2142 1331 2209 absonus
1380 2148 1479 2209 est
1525 2141 1836 2209 articulus
1883 2147 1950 2207 et
1993 2142 2114 2207 hoc
2159 2161 2410 2227 quoque
2453 2148 2820 2227 suspectum

425 2250 593 2335 quod
640 2252 947 2316 incertam
997 2249 1233 2315 habent
1288 2270 1361 2315 ea
1404 2250 1601 2316 verba
1652 2250 1720 2313 in
1769 2246 1953 2313 libris
2002 2248 2237 2313 sedem.

516 2467 619 2535 IX
684 2468 811 2535 111
875 2476 1033 2533 extr.
1101 2465 1271 2533 Οὔτε
1321 2466 1447 2547 γὰρ
1494 2464 1573 2531 ἄν
1624 2490 1714 2531 τοι
1765 2466 1924 2540 δοίην
1975 2466 2288 2547 θυγατέρα
2337 2468 2448 2542 τὴν
2493 2466 2648 2545 ἐμὴν
2695 2477 2819 2546 γῆ-

429 2599 597 2654 μαι.
672 2573 777 2641 Sic
838 2574 990 2641 libri
1052 2580 1301 2660 praeter
1362 2572 1464 2657 R,
1527 2575 1639 2659 qui
1700 2572 1962 2638 exhibet
2018 2572 2158 2639 οὔτε
2218 2574 2344 2654 γὰρ
2401 2572 2478 2640 ἄν
2523 2598 2615 2640 τοι
2661 2574 2818 2649 δοίην

432 2680 523 2748 ἔτι
570 2680 881 2760 θυγατέρα
929 2684 1039 2756 τὴν
1086 2681 1237 2758 ε’μῆν
1285 2685 1670 2758 γυναῖκα.
1744 2677 2032 2764 Utraque
2075 2681 2386 2765 scriptura
2440 2679 2821 2766 interpolata

432 2809 566 2854 esse
612 2793 849 2875 potest,
901 2788 1027 2852 nisi
1074 2785 1241 2872 quod
1288 2787 1709 2852 necessarium
1755 2781 1786 2848 ἔ
1803 2789 1888 2848 τι·
1917 2785 2356 2871 accipiendum
2396 2792 2494 2852 est
2531 2807 2568 2852 a
2608 2788 2821 2852 codice

432 2894 739 2960 Romano·
766 2891 1823 2979 ScripseratfortasseHerodotus:
1865 2892 2049 2957 οὔτε
2098 2892 2258 2972 γὰρ
2306 2892 2398 2958 ἄν
2439 2916 2558 2958 τοι
2601 2893 2821 2968 δοίην

438 3001 555 3066 ἔτι
596 3001 1013 3080 θυγατέρα
1053 3002 1194 3074 την
1235 2999 1459 3078 ε’μῆν,
1506 2997 1648 3064 οὔτε
1690 2997 1886 3080 ἐκείνη
1909 3003 2151 3064 πλεῦνα
2172 2997 2384 3079 χρόνον
2412 3001 2816 3078 συνοικήσεις,

431 3114 507 3174 ut
567 3113 667 3174 est
725 3127 915 3192 supra
974 3109 1043 3172 in
1109 3106 1329 3172 eodem
1376 3107 1585 3192 capite
1632 3105 1812 3171 ἄλλα
1861 3129 1952 3170 τοι
2000 3107 2136 3170 ἀντ’
2187 3107 2380 3177 αὐτῆς
2437 3105 2560 3183 ἐγὼ
2612 3106 2822 3184 δίδωμι

435 3211 747 3293 θυγατέρα
796 3214 905 3288 την
954 3213 1107 3290 ἐμήν
1124 3261 1143 3290 ,
1191 3233 1317 3278 nou
1356 3211 1571 3277 addito
1610 3232 1816 3296 neque
1854 3220 2062 3290 γῆμαι
2100 3231 2304 3295 neque
2329 3218 2636 3294 γυναῖκα,
2661 3233 2823 3297 quae

434 3319 946 3409 magistellorum
1004 3319 1449 3406 supplementa
1496 3339 1629 3384 esse
1676 3325 1976 3404 possunt3
2023 3321 2080 3382 si
2125 3323 2340 3384 tamen
2386 3318 2660 3385 alterum
2708 3341 2822 3408 ge-

433 3429 704 3492 nuinum
766 3432 886 3502 est,
956 3424 1367 3511 praetulerim
1427 3433 1740 3502 γυναῖκα,
1807 3427 1957 3508 quia
2006 3422 2200 3488 etiam
2252 3423 2286 3488 1
2337 3422 2463 3490 107
2511 3427 2824 3510 scriptum
2861 3497 2870 3506 ,

434 3532 652 3598 video:
718 3531 955 3608 ταύτην
1012 3531 1237 3606 Μήδων
1302 3530 1489 3595 οὐδενὶ
1541 3529 1695 3595 διδοῖ
1734 3536 2048 3607 γυναῖκα,
2105 3529 2132 3594 ὃ
2179 3527 2244 3594 δὲ
2294 3527 2492 3612 Πέρση
2537 3528 2716 3608 διδοῖ,
2763 3539 2828 3596 et

438 3638 645 3706 verbis
701 3658 863 3722 quae
921 3637 1111 3704 modo
1176 3634 1369 3702 attuli
1438 3635 1824 3721 praecedunt
1885 3635 2078 3701 haec:
2127 3633 2463 3713 γυναικὶ
2511 3633 2574 3699 δὲ
2621 3635 2824 3717 ταύτῃ

434 3753 511 3827 τῇ
558 3747 661 3809 νῦν
708 3742 1029 3816 συνοικέεις
1076 3745 1163 3821 μὴ
1213 3741 1479 3807 συνοίκεε
1502 3789 1519 3817 ,
1568 3744 1657 3806 ita
1706 3745 1784 3806 ut
1829 3740 1922 3806 ibi
1967 3739 2356 3807 audiendum
2399 3742 2486 3806 sit
2527 3749 2822 3819 γυναῖκα.

522 3947 625 4014 IX
684 3945 819 4046 ,116
865 3946 1035 4014 med.
1083 3949 1311 4011 Ταῦτα
1342 3917 1553 4024 ’λέγων
1595 3942 1898 4014 εὐπετέως
1941 3941 2170 4020 ἔμελλε
2213 3943 2571 4010 ἀναπείσειν
2612 3940 2820 4022 Ξέρξηι

440 4054 667 4140 [δοῦναι
730 4053 939 4134 ὥνδρὸς
1002 4049 1185 4138 οἷκον]
1249 4053 1379 4120 κτὲ.
1465 4049 1766 4136 Turpiter
1811 4051 1966 4116 haec
2015 4049 2208 4115 verba
2251 4047 2630 4135 interpolata
2673 4057 2829 4117 sunt

437 4182 472 4225 e
529 4162 931 4248 praegressis.
1020 4157 1385 4226 Herodotus
1448 4156 1678 4224 saltem
1735 4157 2092 4241 scripsisset
2137 4155 2343 4222 δοῦναί
2390 4157 2457 4220 ol
2508 4157 2638 4220 τὸν
2689 4183 2723 4222 τ
2741 4179 2770 4222 ο
2790 4161 2824 4222 ὖ

435 4266 639 4349 ἀνδρὸς
690 4262 864 4332 οἷκον.

527 4469 625 4537 IX
695 4469 820 4536 119
882 4473 1041 4535 extr.
1108 4467 1214 4533 καὶ
1270 4491 1308 4532 σ
1328 4491 1361 4531 υ
1378 4493 1406 4532 ν
1425 4465 1510 4541 δή
1531 4490 1570 4530 σ
1584 4490 1628 4532 α
1648 4490 1677 4529 ν
1694 4489 1734 4530 τ
1750 4465 1780 4532 A
1798 4489 1827 4538 ς
1878 4470 2086 4546 σφεας
2135 4466 2186 4530 οἱ
2229 4461 2531 4540 Ἕλληνες
2581 4463 2826 4543 ἤγαγον
