3436 5161
674 358 806 427 182
1619 376 1708 427 n>
1752 376 2103 427 numum.

754 546 789 610 I
837 543 900 609 2.
963 543 1046 609 19
1091 542 1307 631 puella
1354 544 1686 629 (tanquam
1734 545 1909 627 mus)
1956 544 2185 627 derepit
2230 542 2399 609 lecto
2416 562 2435 623 3
2484 564 2643 609 num
2690 564 2805 611 nos
2852 544 3063 631 philo·

663 650 802 738 logi
821 700 839 735 ‚
883 655 957 715 ut
993 650 1358 716 auctoritati
1401 648 1913 739 Frisingensium
1955 655 2392 735 excerptorum
2444 648 2746 730 satisfiat,
2796 672 3060 718 omnem

662 754 1050 843 elegantiam
1115 756 1500 822 abiecimus?
1588 756 1735 823 Non
1788 758 1901 822 ita.
1970 755 2113 823 Hoc
2158 760 2254 822 est
2298 754 2489 835 illud,
2544 758 2711 843 quod
2764 758 3059 824 dicebam

664 860 742 927 de
786 882 1016 949 genere
1061 862 1392 927 editionis:
1443 863 1804 929 emendatio
1851 883 1976 928 non
2022 868 2196 929 certa
2242 862 2583 930 videbatur
2627 864 2899 942 editori:
2948 864 3057 931 de-

661 968 857 1033 disset
914 967 1206 1034 fortasse·
1243 970 1520 1035 decedere
1581 970 1637 1035 si
1698 972 1768 1034 in
1829 971 2120 1058 margine
2180 968 2685 1037 animadvertere
2740 972 3057 1057 potuisset

659 1072 820 1139 Fris.
869 1073 1102 1141 habere
1149 1075 1442 1158 derepoee.
1497 1112 1584 1125 —

749 1290 854 1358 Ad
891 1290 946 1358 Ι.
987 1290 1046 1358 2.
1093 1288 1176 1359 ¹71
1219 1292 1640 1360 Ommerenus
1678 1296 1747 1359 in
1785 1296 2077 1382 margine
2116 1296 2247 1360 mei
2271 1294 2651 1381 exemplaris
2677 1296 3045 1383 adscripsit:

662 1398 894 1476 „lectio
952 1398 1103 1464 libri
1149 1399 1414 1465 Itatiani
1463 1400 1650 1466 debet
1696 1400 1957 1466 admitti
2003 1408 2316 1466 contectus.
2389 1400 2728 1480 Schrader,
2780 1402 3047 1470 Emend.

658 1502 770 1569 lib.
833 1526 896 1590 p.
950 1504 1080 1569 112
1127 1506 1196 1569 in
1241 1502 1432 1571 fine.”
1501 1504 1630 1571 Res
1673 1526 1800 1571 non
1848 1504 2044 1572 dubia
2088 1506 2380 1585 videtur,
2429 1506 2540 1573 sed
2586 1506 2797 1575 editur
2842 1508 3047 1575 adhuc

659 1618 962 1677 contextae
1009 1615 1221 1699 (ergoz
1278 1611 1449 1695 „dux
1498 1616 1830 1678 contextus
1880 1612 2127 1699 auro”).

751 1827 802 1894 Ῑ.
866 1828 929 1894 2.
999 1826 1080 1896 '71
1129 1830 1286 1897 haec
1331 1832 1514 1897 nobis
1560 1830 1819 1897 offertur
1862 1832 2211 1896 sententiae
2256 1828 2703 1897 conformatio:
2753 1834 2812 1897 si
2856 1832 3045 1898 modo

659 1941 874 2002 tecum
937 1938 1174 2021 possim
1235 1940 1502 2027 iungere
1549 1938 1742 2004 boves
1787 1944 1852 2003 et
1896 1956 2149 2023 pascere
2166 1985 2182 2017 ,
2233 1942 2300 2003 et
2346 1935 2501 2002 dum
2548 1942 2613 2003 te
2659 1937 2851 2004 liceat
2894 1940 3045 2005 reti·

657 2063 804 2108 nere
863 2040 1144 2119 lacertis,
1213 2063 1468 2109 somnus
1516 2046 1710 2110 etiem
1759 2043 1876 2130 (et)
1925 2042 2170 2109 inculta
2214 2044 2416 2109 humo
2462 2046 2547 2109 sit
2593 2042 2809 2109 mollis
2856 2044 3039 2109 mihi.

655 2146 781 2215 Sed
845 2148 1006 2215 duae
1067 2152 1414 2215 sententiae
1475 2156 1624 2215 sunt
1684 2149 2056 2236 bipertitae:
2105 2152 2161 2215 si
2208 2171 2357 2215 cum
2402 2149 2589 2216 Delia
2632 2150 2743 2215 sim
2790 2150 2891 2237 (ea
2936 2172 3043 2217 me

658 2256 1060 2341 comitetur),
1102 2275 1364 2341 possum
1407 2275 1581 2320 arare
1630 2261 1694 2322 et
1733 2274 2021 2342 pascere:
2062 2257 2117 2320 si
2154 2252 2409 2322 Deliam
2433 2258 2673 2341 possim
2699 2254 3039 2341 amplecti,

656 2361 763 2429 vel
815 2362 1004 2427 humi
1063 2361 1348 2427 molliter
1392 2362 1622 2427 cubare
1668 2364 1926 2446 poesim.
1998 2358 2092 2427 Ut
2137 2380 2329 2447 quam
2378 2364 2667 2447 proxime
2713 2359 2793 2427 ad
2834 2360 3039 2455 ‘libros

655 2467 952 2534 accedam
999 2468 1283 2555 corrigo:

1015 2576 1149 2661 ipse
1194 2573 1388 2641 boves
1433 2595 1580 2641 mea
1597 2621 1614 2654 ‚
1661 2572 1775 2639 cim
1820 2576 2037 2640 tecum
2072 2573 2263 2641 modo
2279 2621 2293 2649 ‚
2336 2570 2521 2641 Delia
2542 2593 2783 2672 possum

648 2787 926 2874 placeret
960 2701 1532 2875 magliznlffiegeordoe
1591 2790 1676 2866 „i.
1729 2789 1789 2852 b.
1838 2787 2028 2854 modo
2076 2791 2202 2854 sim
2251 2793 2296 2853 t.
2347 2784 2557 2854 mea”.
2616 2785 2786 2854 Oum
2832 2783 3035 2852 Baeh-

647 2895 856 2960 rensio
923 2897 1031 2972 „in
1091 2889 1337 2958 inculta
1407 2929 1472 2940 -
1545 2891 1784 2960 humo”
1843 2893 2067 2960 scribo.
2138 2929 2220 2942 —
2284 2891 2378 2958 Ib.
2444 2891 2531 2958 88
2598 2912 2765 2972 „non
2822 2898 2888 2957 in
2947 2915 3041 2956 me

647 2999 888 3068 saeviet
933 3018 1135 3086 usque
1181 2997 1382 3064 deus”
1429 2999 1644 3084 probo·

737 3218 788 3286 Ι.
839 3219 900 3284 4.
949 3213 1058 3282 28.
1106 3217 1251 3283 Non
1289 3213 1552 3282 defendo
1590 3216 1708 3282 hoc
1746 3215 1886 3283 loco
1926 3238 2086 3304 quae
2122 3217 2282 3284 olim
2322 3220 2647 3304 proposm'3
2691 3237 2818 3284 non
2858 3219 3033 3283 enim

644 3343 896 3392 necesse
911 3373 931 3408 ‚
992 3325 1291 3408 quoniam
1345 3343 1470 3388 non
1517 3324 1983 3410 impugnantur
1998 3373 2016 3408 ‚
2064 3323 2174 3390 sed
2221 3322 2474 3412 Rigleri
2520 3325 3031 3390 emendationem

635 3430 900 3496 -facilem
959 3432 1025 3494 et
1085 3427 1443 3515 elegantem
1503 3447 1542 3493 a
1598 3449 1706 3494 me
1767 3429 1926 3494 olim
1974 3429 2487 3496 commendatam
2535 3428 2775 3497 vellem
2822 3451 3032 3515 recep-

641 3543 815 3601 tam:
881 3555 1048 3613 „non
1111 3535 1278 3615 sequi
1335 3538 1465 3599 stat
1510 3539 1875 3621 remeatque
1923 3535 2094 3601 dies'’
2140 3557 2254 3622 pro
2297 3541 2523 3618 eequis:
2575 3557 2653 3602 ex
2701 3535 2946 3601 duabus
2994 3551 3031 3601 s

642 3663 771 3707 una
817 3641 1086 3726 omissa3
1138 3641 1236 3718 „si
1283 3644 1356 3703 tu
1404 3641 1616 3726 segnis
1658 3643 1815 3716 eris,
1854 3660 1980 3707 non
2014 3642 2140 3706 tibi
2163 3642 2518 3707 morabitur
2542 3639 2736 3707 dies”.
2768 3637 3028 3720 „Paral-

639 3745 970 3815 lelismus'’
1025 3747 1146 3813 hoc
1192 3766 1389 3832 paene
1436 3745 1754 3830 postulat:
1806 3751 1905 3826 „si
1952 3747 2265 3814 tardueris
2310 3747 2556 3834 (tardus
2602 3748 2753 3833 eris)
2802 3748 3028 3813 transi-

641 3854 740 3923 bit
784 3859 987 3932 aetas,
1039 3854 1222 3940 segni
1266 3853 1402 3918 dies
1448 3871 1572 3918 non
1618 3852 1804 3920 stat’'.

729 4057 830 4124 Ib.
881 4055 989 4120 45.
1036 4053 1184 4122 Non
1230 4056 1552 4140 paruerim
1600 4074 1751 4119 cum
1796 4052 2049 4120 Hillero
2098 4055 2466 4121 auctoritati
2512 4055 2648 4121 cod.
2698 4053 2772 4120 V.
2816 4075 2905 4120 m.
2944 4053 3023 4139 2,

637 4183 830 4250 quam
839 4164 934 4228 vis
977 4157 1330 4226 Ritschelio
1377 4161 1678 4245 probatae
1720 4161 2112 4248 „(quamvis)
2153 4167 2488 4228 venturam
2525 4163 2805 4226 admittat
2837 4161 3023 4226 nubi-

634 4271 730 4336 fer
774 4287 965 4335 eurus
1011 4263 1309 4352 aquam”.
1359 4265 1686 4331 Admittat-e
1724 4265 1951 4332 falsam
1988 4269 2081 4332 rei
2120 4269 2301 4352 quasi
2325 4268 2677 4356 imaginem
2703 4269 2783 4334 ob
2808 4265 3022 4333 oculos

637 4377 850 4460 ponit:
893 4369 1208 4448 custodis,
1251 4373 1362 4456 qui
1398 4370 1797 4458 aliquamdiu
1834 4375 2101 4450 retinet,
2130 4372 2355 4438 deinde
2379 4373 2686 4462 repagula
2709 4381 3014 4440 removet.

635 4479 780 4548 Non
821 4499 1012 4547 eurus
1053 4467 1318 4542 admittit
1359 4477 1598 4543 imbres
1615 4525 1634 4557 ,
1660 4483 1814 4542 ciere
1834 4483 2085 4564 potest,
2111 4485 2186 4543 ut
2204 4477 2527 4567 Scaligero
2556 4483 2766 4546 visum
2791 4480 3018 4566 (οἱεαι).
