3436 5161
699 349 828 416 386
1569 367 1842 416 ruvms
1888 367 2225 418 sosarnus.

698 531 1068 611 Ἀρρούντιος
1120 534 1382 617 περιῄει,
1429 533 1760 600 ἀνακαλῶν
1808 533 1947 606 τοὺς
1996 534 2340 615 Γερμανοὺς
2382 534 2487 600 καὶ
2528 535 2579 600 οἱ
2614 533 2940 616 χιλίαρχοι
2982 535 3089 601 σὺν

697 639 864 718 αὐτῷ
923 638 1274 710 κελεύοντες
1329 639 1771 704 κατατίθεσθαι
1818 639 1921 704 τὸν
1968 640 2198 721 σίδηρον
2248 641 2352 705 καὶ
2404 640 2857 722 διασαφοῦντες
2904 639 3088 705 Γαΐου

695 746 806 818 τὴν
853 745 1168 820 τελευτήν.
1243 744 1458 812 Vertit.
1505 745 1935 832 Epiphanius:
1990 754 2223 812 statuas
2261 748 2439 811 etiam
2478 747 2813 812 Arruntius
2858 753 2916 812 et
2960 748 3091 812 loca

695 850 935 931 sinqula
995 852 1321 936 circuibam
1388 851 1556 936 quod
1623 873 1824 936 quum
1891 853 2221 918 Bekkerus
2284 851 2559 918 stultum
2622 872 2755 917 esse
2810 853 3087 936 videret,

697 961 1067 1042 corruptum
1115 957 1501 1023 vocabulum
1551 960 1791 1023 omisit.
1856 959 1977 1025 Est
2027 959 2179 1025 haec
2226 980 2375 1027 sane
2412 979 2719 1045 perquam
2757 957 3089 1024 commoda

695 1065 888 1140 ratio,
940 1063 1049 1129 sed
1095 1063 1267 1130 malo
1309 1069 1521 1130 tamen
1563 1067 1875 1151 suspicari
1916 1065 2114 1132 latere
2140 1066 2553 1152 participium
2580 1088 2781 1132 κατα
2796 1065 2912 1134 ςεί
2921 1081 2960 1130 λ
2976 1088 3086 1136 ας.

785 1307 1050 1374 Utinam
1103 1311 1494 1396 investigare
1538 1311 1895 1394 potuissem
1940 1310 2110 1376 unde
2156 1309 2195 1374 J
2198 1309 2469 1394 osephus
2516 1311 2820 1376 sumserit
2862 1311 3089 1376 oratio-

695 1435 839 1480 nem
861 1463 880 1492 ,
939 1435 1132 1500 quam
1181 1413 1296 1481 On.
1345 1413 1604 1482 Sentius
1649 1414 2037 1482 Saturninus
2082 1421 2229 1501 post
2274 1413 2611 1504 Caligulae
2656 1436 2876 1483 necem
2900 1417 2968 1480 in
2996 1436 3091 1482 se-

694 1529 852 1588 natu
901 1522 1148 1588 habuit.
1223 1519 1410 1588 Certe
1457 1522 1772 1608 Josephus
1822 1544 1964 1589 eam
2010 1544 2135 1589 non
2182 1526 2316 1610 ipse
2362 1521 2566 1588 finxit.
2626 1522 2953 1603 Quaedam
2992 1525 3091 1588 in·

695 1631 951 1696 terdum
1023 1630 1281 1695 fluxisse
1353 1630 1588 1695 dixeris
1658 1651 1736 1695 ex
1806 1631 2285 1696 commentariis
2344 1632 2517 1718 regis
2577 1628 2942 1716 Agrippae,
3006 1629 3087 1694 cf.

695 1738 912 1822 Antiq.
981 1735 1084 1802 19.
1153 1735 1230 1813 4,
1300 1736 1412 1800 ubi
1473 1757 1634 1821 quae
1697 1736 1775 1802 de
1842 1757 1993 1822 rege
2038 1735 2378 1824 leg-untur,
2426 1735 2747 1802 undenam
2795 1737 3091 1822 cognosci

694 1848 1037 1928 potuerunt
1082 1844 1210 1908 nisi
1255 1843 1334 1907 ab
1383 1845 1522 1927 ipso
1542 1843 1574 1907 Ρ
1644 1840 1770 1908 Sed
1830 1847 1929 1907 est
1976 1842 2095 1908 hoc
2140 1845 2489 1908 necessario
2536 1845 2851 1908 incertum
2872 1889 2889 1919 ,
2938 1843 3093 1926 quia

694 1946 902 2014 Taciti
949 1946 1232 2012 Annales
1277 1951 1630 2032 perierunt,
1681 1948 1917 2034 quibus
1964 1945 2297 2036 Caligulae
2334 1971 2433 2015 res
2470 1954 2793 2015 enarratas
2830 1949 3093 2012 fuerunt

696 2061 759 2118 et
805 2055 1066 2117 initium
1117 2057 1508 2139 principatus
1557 2053 1833 2121 Claudii.
1886 2052 2184 2120 Ceterum
2208 2053 2522 2140 ,Iosephus
2546 2057 2820 2120 sibinon
2844 2057 3091 2120 constat

696 2165 760 2226 et
811 2160 1012 2225 fontes
1061 2164 1347 2246 sequitur
1393 2163 1741 2226 minimum
1790 2160 1967 2226 duos.
2018 2159 2235 2228 Veluti
2279 2160 2561 2248 legimus
2607 2164 2823 2247 Antiq.
2876 2161 2980 2228 19.
3028 2163 3086 2228 1.

699 2265 784 2329 15
833 2286 980 2330 eum
1033 2266 1266 2352 populo
1313 2280 1618 2351 perpetuo
1666 2268 1867 2332 fuisse
1913 2275 2241 2354 acceptum
2292 2275 2357 2334 et
2402 2275 2719 2346 προσφιλῆ
2765 2279 2829 2333 et
2868 2271 3087 2356 Antiq.

699 2370 806 2438 18.
857 2371 917 2438 7.
967 2373 1046 2438 2:
1099 2375 1280 2442 Γάϊος
1329 2374 1393 2437 δὲ
1438 2375 1543 2439 τὸν
1587 2379 1817 2451 πρῶτον
1867 2373 2137 2438 ἐνιαυτὸν
2184 2373 2290 2440 καὶ
2339 2372 2443 2438 τὸν
2491 2373 2628 2451 ἑξῆς
2669 2374 2837 2440 πάνυ
2872 2399 3088 2453 μεγα-

673 2479 997 2559 λοφρόνως
1049 2480 1277 2559 ἐχρῆτο
1324 2488 1450 2550 τοῖς
1499 2480 1859 2557 πράγμασι.
1936 2479 2173 2546 Contra
2224 2479 2445 2566 Antiq.
2502 2479 2602 2547 19.
2656 2481 2721 2547 2.
2773 2480 2849 2546 5:
2915 2481 3089 2562 πρό-

695 2609 922 2664 τερον
972 2588 1005 2662 ἢ
1058 2595 1148 2661 τῇ
1205 2590 1424 2667 ἀρχῇ
1474 2590 1855 2661 συνῆλθε.
1907 2586 2192 2660 σκαιός
2242 2612 2311 2653 τε
2362 2588 2467 2653 καὶ
2518 2589 2951 2667 κακοπραγίας
3004 2592 3089 2662 εἷς

691 2694 760 2757 τὸ
809 2690 988 2770 ἄκρον
1035 2694 1384 2771 ἀφιγμένος
1435 2693 1604 2773 ἡδονῇ
1654 2716 1725 2757 τε
1774 2693 2113 2769 ἡσσώμενος
2162 2694 2267 2759 καὶ
2315 2696 2501 2776 φίλος
2549 2695 2835 2777 διαβολῇ.
2904 2694 3087 2763 Idem

695 2804 911 2864 tamen
973 2798 1150 2864 brevi
1214 2806 1354 2884 poet
1414 2800 1785 2885 perhibetur
1831 2801 2027 2865 fuisse
2074 2802 2264 2880 ῥήτωρ
2309 2824 2379 2865 τε
2425 2798 2625 2879 ἄριςος
2675 2801 2779 2865 καὶ
2828 2805 3087 2885 γλώσσῃ

695 2914 773 2986 τῇ
839 2905 1100 2969 Ἐλλάδι
1165 2908 1267 2970 καὶ
1332 2916 1409 2987 τῇ
1474 2907 1793 2981 Ῥωμαίοις
1862 2907 2100 2987 πατρίῳ
2165 2906 2407 2987 σφόδρα
2464 2906 2818 2983 ἠσκημένος.
2891 2908 3091 2975 Plane

694 3012 928 3095 ineptit
991 3011 1194 3076 bonus
1243 3010 1526 3077 Judaeus
1574 3017 1637 3076 et
1684 3018 1761 3076 ut
1806 3011 2063 3097 culpam
2116 3020 2428 3098 quantum
2476 3015 2712 3099 possim
2759 3016 3089 3093 minuam,

692 3138 817 3183 non
865 3120 986 3182 erit
1029 3118 1194 3183 mihi
1241 3116 1568 3184 Romanus
1613 3120 1905 3203 princeps
1950 3118 2199 3198 σκαιός,
2250 3120 2361 3185 sed
2407 3120 2639 3187 είκαῒ
2653 3144 2749 3193 ος.

665 3406 668 3411 ,
783 3331 1002 3413 Ant-iq.
1056 3328 1160 3394 19.
1203 3328 1266 3394 2.
1307 3328 1386 3394 2:
1437 3328 1698 3410 τέτροφε
1744 3330 1854 3404 τὴν
1900 3329 2222 3411 τυραννίδα
2272 3329 2440 3397 οὐδὲν
2489 3331 2871 3413 νεώτερον
2922 3332 3084 3407 πλὴν

697 3436 728 3510 ἧ
776 3435 994 3515 ἀργία.
1066 3432 1364 3523 CorrigO:
1413 3436 1578 3502 οὐδὲν
1625 3432 1925 3517 ἕτερον.

784 3647 1205 3715 Verissimum
1253 3654 1380 3727 est,
1431 3649 1598 3734 quod
1646 3650 1921 3715 traditur
1966 3651 2181 3736 Antiq.
2238 3650 2340 3716 19.
2386 3650 2444 3717 3.
2492 3649 2532 3715 3
2572 3650 2886 3736 populum
2926 3650 3073 3716 odio

692 3754 964 3821 Senatus
1028 3756 1364 3840 expetiisse
1421 3758 1813 3841 principem:
1866 3763 1983 3823 τῶν
2030 3756 2387 3833 πλεονεξιῶν
2436 3764 2547 3833 τῆς
2594 3756 2827 3834 βουλῆς
2876 3754 3083 3826 ε’πιςὸ-

694 3886 906 3940 μισ-μα
971 3861 1110 3935 τοὺς
1179 3861 1632 3941 αὐτοκράτορας
1697 3862 1887 3934 εἰδώς.
1958 3862 2293 3950 Caligulae
2351 3863 2601 3951 flagitia
2642 3884 2767 3929 non
2812 3863 3086 3929 fecerant

693 3976 768 4035 ut
829 3968 1008 4054 plebs
1069 3976 1353 4035 mutaret
1402 3972 1783 4035 sententiam
1805 4015 1822 4048 ,
1873 3976 2092 4055 estque
2136 3970 2207 4035 id
2253 3968 2597 4057 diligenter
2640 3968 3043 4035 retinendum
3064 4014 3081 4045 ‚

695 4075 805 4140 ubi
867 4075 1182 4140 iudicium
1246 4077 1448 4141 fertur
1513 4075 1590 4140 de
1656 4077 2083 4161 principibus,
2153 4078 2265 4161 qui
2327 4076 2391 4141 in
2440 4075 2817 4141 Senatorum
2864 4073 3083 4141 odium

692 4183 1106 4247 incurrerant.
1178 4180 1247 4247 Si
1291 4180 1554 4247 Tacitus
1600 4181 1704 4248 vel
1754 4182 1874 4247 Dio
1923 4170 2181 4249 Cassius
2228 4182 2305 4248 de
2352 4181 2537 4267 plebe
2581 4181 2874 4247 homines
2922 4182 3081 4246 fuis-

695 4292 866 4364 sent,
919 4286 1111 4375 longe
1157 4287 1352 4354 aliam
1403 4286 1667 4354 illorum
1717 4294 2080 4374 temporum
2130 4289 2459 4355 historiam
2512 4287 2911 4353 haberemus.
2960 4284 3083 4351 Sed

693 4393 878 4461 redeo
925 4395 994 4459 in
1040 4378 1435 4479 provinciam
1481 4415 1694 4461 meam
1745 4400 1819 4459 ut
1864 4394 2215 4479 Josephum
2264 4394 2619 4461 emendem.
2682 4393 2961 4461 Veniunt
3000 4392 3077 4459 ad

692 4496 1038 4568 Claudium
1085 4500 1285 4588 legati
1332 4502 1612 4588 petitum
1661 4506 1737 4567 ut
1783 4502 1862 4567 ab
1912 4500 2153 4569 Senatu
2203 4522 2397 4589 quam
2444 4522 2482 4569 a
2520 4502 2935 4589 praetorianis
2956 4502 3078 4567 mi-
