3436 5161
1292 363 1551 416 cassws
1594 363 1726 416 mo.
2568 349 2696 418 321

408 527 713 612 Sequenti
774 533 993 594 autem
1054 549 1242 595 versu
1302 531 1373 594 in
1438 529 1650 595 codice
1700 550 1823 594 non
1872 529 2114 618 legitur
2161 540 2704 617 ΒΤΣΓΡΛΤΟΕ,

316 634 423 698 sed
483 634 552 699 id
612 635 828 719 ipsum
890 634 1059 719 quod
1117 637 1465 721 requiritur
1510 643 1555 700 Γ
1608 642 1833 700 ΒΕΤΤ
1883 643 2218 702 PPATOC
2263 637 2395 724 (vel
2441 639 2706 705 fortasse

316 738 447 806 levi
494 739 657 806 vitio
706 743 1081 826 TPATOC)
1126 743 1172 807 i.
1198 761 1252 806 e.
1302 738 1373 807 Ο.
1424 740 1679 808 Vettius
1727 739 1989 808 Gratus.

808 919 1020 988 Codex
1068 921 1399 988 Mediceus
1445 926 1537 989 n⁰.
1588 920 1633 986 8
1676 921 1880 1008 plutei
1931 921 2018 989 '70
2069 922 2208 1008 (A).

406 1083 771 1152 Secundum
831 1089 1001 1152 inter
1066 1085 1287 1152 Dionis
1350 1087 1596 1153 codices
1640 1086 1858 1154 locum
1909 1090 2154 1155 obtinet
2201 1088 2532 1156 Mediceus
2580 1089 2668 1157 '70
2687 1138 2704 1170 ,

316 1189 395 1276 8,
467 1195 1021 1276 membranaceus,
1093 1193 1333 1260 formae
1401 1193 1780 1280 quadratae,
1849 1195 2152 1260 foliorum
2217 1194 2386 1274 244,
2451 1197 2706 1281 :saeculi

315 1296 444 1362 fere
505 1298 864 1380 undecimi,
921 1297 1157 1364 litteris
1210 1298 1589 1366 minusculis
1646 1300 1814 1366 clare
1879 1307 1943 1366 et
2007 1303 2334 1386 perspicue
2396 1305 2704 1388 perscrip-

316 1407 442 1468 tus.
514 1401 731 1470 Huius
791 1425 1039 1491 quoque
1102 1406 1334 1471 codicis
1378 1406 1677 1473 librarius
1726 1407 2118 1492 compendiis
2165 1411 2516 1493 scripturae
2563 1429 2703 1474 raro

317 1530 472 1576 usus
516 1514 632 1576 est.
703 1509 975 1576 Initium
1026 1517 1091 1576 et
1136 1510 1278 1576 finis
1326 1515 1683 1597 perierunt3
1735 1512 1926 1578 hodie
1974 1515 2200 1599 incipit
2244 1535 2280 1579 a
2319 1514 2528 1578 verbis
2563 1514 2706 1594 φεί-

316 1614 507 1680 δεται.
554 1615 918 1689 δυναστείας
960 1642 1032 1681 τε
1070 1617 1211 1695 ἐρῶν
1262 1617 1391 1698 36,
1444 1619 1523 1698 1,
1575 1619 1647 1696 1,
1696 1619 1929 1684 desinit
1978 1618 2098 1696 50,
2151 1617 2229 1694 6,
2285 1618 2325 1681 2
2372 1620 2440 1683 in
2492 1619 2704 1686 medio

316 1721 623 1788 vocabulo
686 1719 723 1797 ἤ
779 1745 851 1787 τε
906 1719 1003 1788 οὖν
1044 1723 1253 1799 ἡλικία
1296 1726 1443 1806 παρ’
1484 1729 1687 1804 dumo.
1753 1723 1879 1790 Sed
1922 1725 1998 1792 de
2037 1725 2293 1791 exordio
2338 1725 2555 1811 paullo
2604 1747 2706 1792 ac-

314 1829 597 1894 curatius
645 1827 974 1896 disseram.

404 2009 542 2078 Pol.
612 2011 643 2076 l
711 2011 867 2078 haec
933 2013 1247 2078 continet:
1305 2011 1612 2094 Φείδεται.
1662 2011 2027 2084 δυναστείαις
2075 2035 2146 2076 τε
2196 2013 2334 2092 ἐρῶν
2384 2051 2466 2061 -
2516 2037 2704 2092 προω-

314 2118 571 2199 <pelam-o
626 2117 850 2190 αὐτούς
909 2138 962 2183 c.
1012 2115 1091 2196 2,
1143 2115 1204 2182 3.

408 2223 518 2289 fol.
585 2223 675 2289 1':
737 2226 815 2296 ὥς
878 2223 983 2288 καὶ
1050 2223 1245 2305 ἑαυτῷ
1293 2223 1464 2288 κατὰ
1509 2226 1621 2297 τὴν
1670 2225 2008 2303 ὁμολογίαν
2057 2225 2206 2289 ἀλλ’
2254 2225 2362 2290 οὐκ
2407 2225 2610 2306 ἐκείνῳ
2650 2229 2661 2304 Ι

316 2331 917 2409 προσχωρήσαντας·
966 2329 1123 2408 λέξω
1171 2330 1236 2394 δὲ
1288 2329 1399 2404 ἤδη
1449 2329 1554 2394 καὶ
1606 2331 1675 2394 τὸ
1723 2331 1894 2395 κατὰ
1941 2334 2154 2396 τοῦτον
2192 2333 2204 2414 Ι
2245 2355 2305 2394 κ.
2337 2355 2393 2396 τ.
2425 2345 2486 2396 λ.
2561 2330 2704 2397 Sta-

318 2437 441 2499 tim
486 2437 694 2522 igitur
736 2456 818 2501 ne
864 2455 1028 2502 novo
1076 2436 1335 2520 quidem
1386 2455 1575 2501 versu
1616 2436 1951 2513 distincta,
1980 2435 2286 2501 ultimum
2314 2438 2700 2503 vocabulum

318 2542 387 2605 in
436 2561 571 2627 cap.
616 2539 659 2606 2
708 2543 1271 2624 προσχωρήσαντας
1322 2548 1673 2627 sequuntur
1721 2542 1914 2608 verba
1962 2561 2098 2627 cap.
2147 2540 2236 2607 20
2284 2541 2440 2619 λέξω
2489 2544 2551 2609 δὲ
2593 2545 2700 2621 ἤδη

320 2672 379 2712 κ.
406 2670 461 2711 τ.
490 2663 553 2713 λ.
622 2646 958 2735 Capitibus
1005 2646 1225 2714 3-19
1277 2646 1382 2736 (=
1406 2647 1531 2733 35,
1586 2648 1806 2717 1—17
1855 2649 1922 2713 in
1967 2648 2349 2714 editionibus
2399 2650 2706 2716 vetustio-

318 2754 523 2840 ribus)
573 2761 763 2821 caret.

411 2859 587 2940 Quae
631 2867 846 2928 tamen
891 2860 1049 2928 olim
1098 2861 1303 2928 codici
1346 2880 1477 2927 non
1520 2860 1796 2927 defuisse
1842 2861 2307 2927 demonstratur
2353 2862 2570 2927 littera
2616 2886 2663 2940 y
2683 2907 2702 2940 ‚

319 2986 445 3051 qua
480 2972 737 3033 notatus
778 2974 877 3038 est
914 2968 1026 3052 qui
1056 2988 1223 3033 nunc
1246 2968 1493 3053 primus
1516 2973 1614 3033 est
1636 2967 1984 3051 quaternio.
2035 2965 2298 3032 Duobus
2321 2966 2526 3053 igitur
2549 2987 2704 3053 qua-

318 3073 713 3139 ternionibus
750 3072 997 3139 auctior
1034 3074 1161 3139 fuit
1190 3072 1550 3157 aliquando.
1598 3072 1724 3138 Sed
1770 3078 2092 3158 praeterea
2116 3091 2364 3157 quoque
2389 3072 2702 3137 damnum

318 3177 617 3245 foliorum
668 3179 913 3265 aliquot
960 3185 1024 3246 et
1070 3180 1557 3266 quaternionum
1602 3199 1829 3265 passus
1877 3186 1992 3245 est.
2065 3179 2433 3245 Abscissum
2481 3186 2580 3245 est
2627 3200 2704 3245 ex

318 3285 439 3351 hoc
486 3284 694 3371 primo
740 3285 923 3371 (olim
973 3286 1186 3370 tertio)
1233 3283 1642 3369 quaternione
1680 3284 1911 3350 folium
1951 3284 2118 3351 inter
2155 3286 2197 3349 f.
2230 3284 2270 3349 6
2295 3290 2360 3350 et
2385 3282 2423 3349 '7
2453 3285 2708 3372 (lacuna

322 3394 419 3455 est
478 3390 647 3457 inter
706 3413 762 3457 c.
826 3390 913 3456 36
964 3398 1029 3458 et
1076 3391 1227 3475 3¹7);
1279 3391 1447 3477 quod
1494 3390 1552 3457 ei
1600 3392 2011 3457 coniunctum
2059 3391 2184 3457 fuit
2229 3390 2340 3458 fol.
2389 3390 2431 3457 2
2451 3438 2468 3470 ‚
2517 3393 2706 3461 tertio

320 3494 623 3562 foliorum
669 3497 805 3581 pari
852 3497 895 3563 3
920 3495 997 3575 -1-
1024 3496 1065 3562 6
1111 3495 1627 3585 conglutinatum
1677 3504 1818 3563 est:

1282 3602 1315 3667 l
1342 3600 1423 3682 -Ι-
1448 3600 1490 3667 8
1540 3602 1754 3690 (hodie
1805 3603 1870 3688 Ι7)

1273 3707 1315 3772 2
1340 3706 1421 3788 -Ι-
1448 3707 1486 3775 ’7
1536 3707 1780 3795 (periit)

1278 3815 1319 3880 3
1342 3812 1421 3892 -Ι-
1446 3812 1487 3879 6

1278 3920 1321 3985 4
1342 3916 1423 3999 4-
1448 3920 1489 3986 5

413 4024 823 4105 Quaternioni
871 4025 1062 4092 tertio
1113 4027 1206 4111 (ε’)
1259 4026 1387 4094 duo
1430 4024 1585 4093 folia
1624 4026 1886 4103 desunt,
1929 4026 2213 4112 primum
2253 4032 2320 4092 et
2357 4025 2670 4093 ultimum
2687 4074 2706 4107 ,

319 4131 489 4198 illud
549 4132 719 4199 inter
780 4131 935 4199 folia
997 4132 1263 4211 codicis,
1328 4139 1403 4199 ut
1458 4132 1647 4200 hodie
1692 4138 2028 4199 numerata
2071 4138 2256 4211 sunt,
2310 4132 2412 4198 15¹
2461 4139 2527 4199 et
2581 4132 2662 4199 16
2687 4184 2704 4213 ,

321 4238 425 4325 (h.
468 4237 555 4303 37
605 4238 773 4305 inter
814 4260 871 4305 o.
928 4238 966 4306 ’7
1017 4240 1216 4305 καίτοι
1262 4240 1479 4313 παιδὸς
1530 4242 1728 4315 αὐτῆς
1775 4238 1948 4319 παρὰ
1997 4246 2062 4305 et
2108 4261 2162 4305 c.
2207 4236 2252 4304 8
2299 4244 2482 4304 τοῦτο
2530 4240 2714 4317 μόνον

321 4368 380 4410 κ.
407 4368 464 4409 τ.
493 4359 557 4411 λ.
598 4346 831 4431 (errore
868 4344 1233 4413 Dindorfius
1271 4345 1802 4433 praepositionem
1845 4346 2016 4427 παρὰ
2055 4345 2268 4413 verbis
2307 4351 2485 4412 τοῦτο
2527 4347 2710 4425 μόνον

320 4452 714 4538 coniunxit),
784 4452 903 4519 hoc
963 4453 1133 4519 inter
1196 4454 1243 4519 f.
1308 4452 1412 4519 21¹
1472 4458 1537 4519 et
1596 4450 1724 4539 22,
1771 4450 2074 4537 (ibidem,
2126 4473 2180 4518 c.
2228 4450 2322 4517 29
2365 4452 2533 4519 inter
2575 4454 2616 4539 ξ
2661 4452 2706 4519 3
