3436 5161
718 1223 726 1234 .
775 1115 927 1220 AD
991 1113 2667 1224 DIONYSII·HALICARNASSENSIS
2720 1113 3055 1218 ΑΝΤΙ-

713 1267 1297 1388 QUITA'JJUM
1351 1270 2077 1377 ROMANARUM
2126 1269 2567 1377 LIBRUM
2602 1269 3106 1374 PRIMUM.

1748 1570 2053 1600 *—

796 1791 958 1880 Pag.
1005 1791 1070 1858 3.
1137 1789 1446 1858 Histoi-ici
1507 1792 1585 1859 de
1630 1793 1819 1858 rebus
1867 1792 2107 1860 vilibus
2149 1797 2214 1860 et
2260 1791 2502 1859 nullius
2552 1793 2741 1878 pretii
2788 1799 3099 1880 agentes,

707 1905 783 1966 ut
846 1908 1048 1966 artem
1111 1899 1424 1965 scribendi
1483 1905 1797 1966 ostentent
1816 1949 1834 1983 ,
1899 1906 1962 1964 et
2023 1899 2298 1986 gloriam
2366 1899 2870 1985 qualemcunque
2920 1901 3097 1986 apud

706 2012 985 2091 posteros
1029 2005 1498 2083 nanciscantur,
1541 2025 1727 2090 opera
1764 2025 1983 2072 eorum
2021 2005 2464 2072 evolventibus
2488 2007 2915 2093 suspicionem
2940 2007 3097 2072 inii-

707 2115 918 2178 ciunt:
981 2107 1070 2177 ὅτι
1134 2113 1432 2185 τοιούτους
1501 2109 1913 2191 ἐζήλωσαν
1962 2113 2135 2178 αὐτοὶ
2185 2112 2393 2190 βίους,
2439 2108 2566 2183 οἵοις
2618 2113 2921 2190 ἐξέδωκαν
2964 2115 3091 2186 τὰς

707 2219 966 2301 γραφάς
991 2241 1006 2256 ·
1051 2221 1320 2292 ἐπιεικῶς
1371 2219 1497 2299 γὰρ
1543 2216 1826 2290 ἅπαντες
1876 2218 2211 2300 νομίζουσιν
2260 2218 2497 2292 εἰκόνας
2545 2215 2698 2284 εἷνοοι
2738 2229 2847 2294 τῆς
2890 2220 3089 2285 ἑκάσ-

704 2329 808 2391 του
855 2331 1071 2408 ψυχῆς
1117 2327 1255 2398 τοὺς
1306 2325 1550 2403 λόγους.
1598 2325 1828 2392 Paullo
1873 2327 2081 2391 acrius
2126 2325 2407 2403 dixerat,
2460 2328 2713 2412 opinor,
2754 2322 2843 2390 ὅτι
2893 2328 3091 2392 τοιού-

705 2457 842 2505 τους
893 2433 924 2498 ἔ
941 2431 980 2512 ζ
991 2458 1023 2506 n
1045 2457 1140 2496 σοι
1161 2459 1188 2496 ν
1238 2433 1412 2498 αὐτοὶ
1460 2433 1653 2511 βίους.
1703 2432 1950 2514 Quibus
1989 2431 2363 2497 futilissima
2410 2451 2694 2518 quaeque
2720 2432 3088 2518 placebant,

705 2547 792 2611 et.
823 2543 947 2627 ipsi
993 2541 1232 2605 sordido
1276 2547 1344 2606 et
1391 2541 1610 2607 abiecto
1656 2561 1889 2629 genere
1933 2543 2105 2607 vitae
2151 2541 2254 2605 usi
2302 2561 2438 2607 esse
2483 2561 2738 2606 summo
2784 2543 2925 2605 iure
2970 2562 3092 2627 pu-

703 2654 939 2713 tantur.
1011 2646 1193 2727 Quod
1254 2645 1336 2712 ad
1387 2647 1658 2713 formam
1707 2646 1739 2711 ἔ
1756 2648 1795 2725 ζ
1808 2676 1841 2722 n
1862 2669 1960 2711 σοι
2007 2648 2239 2712 attinet
2258 2694 2273 2722 ,
2324 2668 2449 2731 qua
2494 2668 2645 2711 cum
2691 2647 3091 2731 sequioribus

703 2754 998 2820 omnibus
1055 2760 1120 2819 et
1179 2752 1524 2839 Dionysius
1585 2753 1855 2820 subinde
1911 2752 2230 2829 abutitur,
2282 2753 2365 2818 ef.
2422 2750 2699 2819 Cobetus
2744 2774 2890 2840 pag.
2939 2752 3084 2819 XV.
3144 2816 3156 2825 ,

703 2859 987 2927 Eandem
1049 2859 1480 2926 confusionem
1544 2862 1710 2926 inter
1772 2858 2183 2942 ἐζηλωκώς
2232 2864 2296 2925 et
2342 2858 2638 2941 ἑζηκῶς
2686 2861 2934 2925 notavit
2980 2862 3087 2927 vir

704 2965 1110 3033 doctissimus
1156 2965 1236 3031 ad
1282 2987 1427 3054 pag.
1479 2964 1675 3033 1446.

791 3174 951 3263 Pag.
1001 3178 1062 3241 4.
1110 3180 1319 3242 ταῦτα
1367 3176 1436 3253 δὴ
1485 3176 1738 3256 νομίσας
1789 3179 2121 3256 ἀναγκαῖοι
2160 3177 2265 3243 καὶ
2308 3184 2521 3257 πρῶτοι
2560 3180 2927 3259 θεωρήματα
2951 3189 3081 3254 τοῖς

701 3283 1013 3362 ἱστορικοῖς
1079 3278 1229 3347 εἶναι
1297 3284 1466 3369 [καὶ]
1531 3283 1771 3357 πολλὴν
1826 3283 2234 3362 ποιησάμενος
2279 3284 2642 3375 ἀμφοτέρων
2690 3287 3080 3364 ἐπιμέλειαν.

700 3388 965 3475 Semper
1023 3392 1092 3454 in
1151 3410 1387 3477 magno
1450 3389 1731 3475 periculo
1779 3396 2065 3457 versatur
2110 3391 2484 3458 huiusmodi
2530 3393 2876 3459 sententiae
2924 3412 3077 3459 con-

699 3496 1028 3580 formati0‚
1077 3517 1201 3581 qua
1249 3496 1510 3561 alterius
1555 3499 1716 3563 ratio
1768 3498 2088 3581 participii
2126 3496 2387 3562 alterius
2426 3498 2783 3563 subiicitur.
2836 3498 3081 3565 Miran-

699 3608 806 3667 tur
848 3603 1010 3667 hanc
1057 3608 1442 3669 structuram
1489 3602 1736 3669 librarii
1783 3611 1847 3668 et
1896 3602 2247 3667 innumeris
2293 3623 2489 3687 paene
2532 3602 2689 3669 locis
2738 3604 3077 3670 molestam

697 3707 992 3794 copulam
1059 3709 1483 3794 interponunt.
1555 3708 1782 3796 Itaque
1841 3715 2143 3795 perpetuo
2204 3716 2299 3775 est
2362 3710 2748 3788 cavendum,
2815 3732 2894 3775 ne
2956 3709 3075 3777 tali

695 3816 914 3883 fraude
957 3836 1074 3883 nos
1116 3813 1542 3881 ludificentur.

785 4010 942 4099 Pag.
995 4009 1056 4077 5.
1130 4010 1486 4097 Imperium
1550 4010 1915 4077 Romanum
1934 4060 1951 4091 ‚
2014 4013 2226 4079 iudice
2270 4012 2609 4101 Dionysio,
2658 4016 2888 4081 ceteris
2934 4034 3074 4081 om-

694 4117 882 4183 nibus
946 4116 1132 4182 facile
1192 4117 1514 4183 antecellit
1575 4120 1639 4183 οὐ
1690 4119 1867 4193 μόνον
1916 4119 2083 4184 κατὰ
2134 4118 2202 4182 τὸ
2251 4118 2509 4197 μέγεθος
2557 4126 2665 4193 τῆς
2718 4122 2921 4201 ἀρχῆς
2969 4121 3069 4185 καὶ

697 4224 868 4289 κατὰ
931 4222 1219 4306 (fortasse
1265 4222 1630 4308 delendum)
1693 4224 1762 4287 τὸ
1826 4225 2058 4297 κάλλος
2106 4232 2225 4289 τῶν
2275 4224 2587 4311 πράξεων,
2638 4218 2715 4297 ἃς
2762 4227 2927 4293 οὔπω
2978 4252 3072 4291 κε-

697 4330 968 4405 κόσμηκε
1017 4330 1200 4406 λόγος
1249 4330 1436 4403 οὐδεὶς
1487 4328 1709 4407 ἀξίως,
1763 4332 1939 4396 ἀλλὰ
1987 4331 2091 4396 καὶ
2142 4333 2315 4397 κατὰ
2366 4333 2435 4398 τὸ
2476 4340 2667 4412 μῆκος
2708 4339 2817 4401 τοῦ
2861 4358 3075 4414 repasc-

696 4434 967 4517 ληφότος
1020 4436 1213 4509 αὐτὴν
1256 4434 1470 4517 χρόνον
1517 4434 1765 4519 μέχρι
1812 4446 1952 4512 τῆς
2001 4438 2172 4504 καθ’
2225 4440 2437 4517 ἡμᾶς
2492 4440 2847 4515 ἡλικίας.
2908 4440 3072 4508 Edo-
