3436 5161
1487 366 1881 414 nnaonorus.
2790 347 2875 412 39

489 533 754 600 donaria
811 532 1070 614 ςρεπτὸν
1141 537 1402 614 χρυσοῦν
1447 531 1593 614 πρὸς
1643 536 1727 614 τῷ
1778 531 1969 614 τοίχῳ
1984 582 2001 617 ,
2052 542 2105 598 Δ
2129 531 2173 599 οὶ
2189 555 2230 597 τ
2246 555 2265 596 ι
2284 531 2319 596 δ
2336 555 2362 598 ο
2382 556 2411 606 ς
2458 533 2501 596 ἆ
2519 557 2547 595 ν
2568 532 2609 596 ὀ,
2626 533 2655 596 0
2675 557 2707 604 n
2727 553 2779 609 μ
2795 553 2839 596 οι
2858 577 2876 609 ,

493 639 676 716 aaziae
722 639 1010 722 δράχμαι
1059 643 1368 716 ΔΔΛΓΙ-.

581 853 702 920 VI.
753 853 840 920 98
893 854 1307 937 Ἀρταξέρξης
1346 856 1614 935 μέγας
1655 856 1876 938 ἀρήιος.
1926 855 2289 942 Depravata
2323 857 2479 922 haec
2520 876 2653 923 esee
2693 855 2879 922 facile

487 959 759 1027 concedo
821 958 1069 1029 Steinio
1095 1011 1113 1046 ‚
1179 961 1288 1029 sed
1335 983 1484 1028 cum
1531 961 1827 1052 analogia
1871 967 2092 1048 peccat
2138 961 2304 1048 quod
2354 961 2874 1028 substituendum

489 1071 676 1152 putat
734 1070 1184 1150 μεγαλαρήιος.
1259 1065 1636 1156 Corrigatur
1679 1069 1859 1148 μέγα.
1906 1070 2132 1150 ἀρήιος.
2202 1067 2503 1136 Ceterum
2548 1067 2873 1135 Herodoto

488 1173 652 1239 hanc
694 1173 1008 1241 notulam·
1038 1175 1524 1242 abiudicandam
1569 1195 1704 1242 ease
1754 1176 1912 1243 bene
1962 1185 2365 1262 perspectum
2413 1180 2529 1240 eet.

577 1385 684 1452 VI.
747 1383 878 1452 100
945 1387 1112 1454 med.
1181 1390 1232 1454 οἰ
1295 1388 1408 1466 μὲν
1459 1387 1587 1470 γὰρ
1635 1389 1835 1454 αὐτῶν
1885 1426 1969 1439 -
2018 1385 2202 1453 ἄλλοι
2257 1385 2319 1452 δὲ
2370 1385 2658 1474 [αὐτῶν].
2718 1385 2877 1454 Delo

488 1513 838 1581 pronomen
883 1493 1051 1561 male
1095 1495 1460 1581 repetitum.

575 1709 687 1778 VI.
743 1707 873 1776 102
921 1707 1137 1777 ἔπλεον
1188 1711 1248 1785 ές
1298 1713 1408 1788 τὴν
1458 1711 1753 1785 Ἀττικὴν
1794 1707 2344 1789 κατέργοντές
2383 1734 2453 1775 τε
2499 1707 2729 1775 πολλὸν
2768 1707 2873 1774 καὶ

492 1814 798 1888 δοκέοντες
847 1817 1060 1883 ταύτὰ
1107 1816 1248 1890 τοὺς
1297 1816 1654 1893 Ἀθηναίους
1701 1815 1970 1892 ποιήσειν
1993 1867 2011 1890 ,
2060 1816 2145 1880 τοὶ
2194 1815 2301 1881 καὶ
2342 1813 2483 1888 τοὺς
2531 1813 2875 1896 Ἐρετριέας

486 1923 805 1998 ἐποίησαν.
854 1921 1294 2010 Depravatum
1335 1943 1469 1990 esse
1508 1921 1912 2003 κατέργοντες
1956 1927 2237 1998 constat,
2280 1923 2391 1988 sed
2421 1942 2646 1992 verum
2672 1942 2877 2008 nequo

480 2031 759 2116 repperit
805 2027 1071 2096 Dietsch
1119 2031 1431 2097 coniciens
1479 2054 1516 2094 κ
1536 2053 1579 2094 οι
1594 2054 1635 2096 τ
1652 2052 1680 2095 ο
1697 2054 1729 2111 ρ
1744 2053 1789 2108 y
1808 2029 1837 2094 ὲ
1854 2052 1883 2095 ο
1900 2054 1930 2095 ν
1947 2054 1986 2094 τ
2003 2054 2032 2093 ε
2055 2054 2083 2101 ς
2110 2079 2129 2104 ,
2182 2027 2350 2114 quod
2387 2049 2513 2094 non
2554 2023 2874 2116 significat

483 2135 912 2220 superbientes,
999 2135 1109 2202 sed
1182 2133 1721 2218 ὑπερακμάζοντες
1790 2140 2128 2222 interprete
2192 2133 2426 2202 Photio
2493 2135 2562 2199 in
2630 2133 2869 2220 lexicO,

488 2245 716 2328 neque'
743 2241 1022 2332 Madvig
1066 2263 1416 2329 proponens
1463 2268 1503 2308 κ
1517 2267 1561 2308 a
1577 2266 1617 2308 τ
1633 2267 1676 2308 οι
1694 2267 1740 2322 y
1763 2267 1792 2308 ν
1809 2239 1841 2306 ό
1860 2267 1887 2306 ν
1904 2266 1944 2307 τ
1962 2267 1991 2308 ε
2008 2267 2060 2314 ς.
2127 2239 2412 2327 Utroque
2450 2241 2644 2311 verbo
2682 2239 2874 2330 longe

493 2350 708 2436 aptius
756 2349 1014 2418 videtur
1060 2372 1098 2414 κ
1116 2375 1158 2416 οι
1176 2375 1217 2416 τ
1233 2374 1267 2425 n
1287 2364 1328 2414 λ
1345 2375 1372 2416 ο
1391 2374 1436 2429 γ
1455 2347 1484 2415 έ
1502 2374 1530 2415 ο
1547 2374 1577 2415 ν
1594 2374 1634 2415 τ
1652 2375 1679 2415 ε
1699 2373 1728 2423 ς
1754 2399 1771 2428 ,
1826 2351 1999 2414 valde
2048 2355 2387 2434 ερον-ποιοίη
2430 2348 2866 2415 Athenienses.

565 2561 683 2629 VI.
761 2560 893 2629 104
955 2563 1062 2629 xa)
1129 2563 1245 2630 ὑπὸ
1306 2563 1686 2647 δικαστήριον
1750 2588 1794 2631 οι
1812 2565 1845 2631 ὖ
1863 2590 1902 2630 τ
1920 2563 1950 2630 ὅ
1968 2591 1997 2631 ν
2044 2565 2088 2630 αἰ
2107 2590 2152 2643 y
2173 2589 2216 2630 οι
2234 2590 2279 2645 y
2303 2563 2381 2631 όν
2397 2589 2437 2630 τ
2455 2588 2484 2629 ε
2505 2588 2533 2635 ς
2590 2561 2864 2642 ἐδίωξαν.

475 2670 834 2738 Pronomen
899 2692 1048 2737 cum
1113 2670 1323 2737 codice
1381 2670 1670 2737 Romano
1746 2673 1905 2739 bene
1975 2673 2284 2760 expunxit
2354 2668 2633 2737 Oobetus
2651 2717 2668 2748 ,
2754 2668 2864 2735 aed

475 2780 678 2842 nostri
746 2798 906 2843 usus
976 2776 1201 2845 suadet
1273 2778 1307 2843 ὑ
1322 2800 1372 2842 π
1389 2802 1432 2841 a
1449 2801 1495 2857 y
1515 2802 1558 2843 οι
1574 2802 1620 2858 y
1637 2778 1668 2843 ό
1686 2804 1717 2843 ν
1732 2802 1770 2843 τ
1786 2803 1815 2842 ε
1835 2802 1883 2851 ς.
2005 2774 2105 2845 Of.
2175 2776 2273 2843 VI
2346 2774 2452 2843 72.
2525 2772 2636 2841 82.
2711 2770 2861 2842 136.

473 2882 570 2949 IX
620 2881 726 2952 93.

561 3098 678 3167 VI.
745 3098 876 3165 106
941 3098 1012 3178 ἦν
1071 3102 1196 3182 γὰρ
1257 3100 1550 3179 ἰςαμένου
1608 3104 1715 3167 τοῦ
1780 3098 1968 3177 μηνὸς
2040 3096 2369 3177 εἰνάτη,
2440 3098 2725 3180 εἰνάτῃ
2794 3098 2856 3163 δὲ

469 3206 603 3271 οὐκ
651 3205 1083 3284 ἐξελεύσεσθαι
1131 3205 1385 3289 ἔφασαν
1431 3208 1520 3286 μὴ
1559 3208 1622 3274 οὐ
1665 3207 1924 3287 πλήρεος
1968 3206 2162 3278 ἐόντος
2203 3208 2313 3271 τοῦ
2354 3204 2601 3271 κύκλου.
2646 3203 2853 3285 Quam

467 3310 715 3378 dudum
760 3316 828 3378 in
875 3313 1414 3379 commentariolis
1463 3315 1628 3379 meis
1673 3316 2046 3399 scripseram
2091 3313 2559 3378 coniecturam:
2598 3310 2807 3386 εἰνάτη
2834 3332 2851 3349 ·

466 3420 646 3503 <οἰ>
707 3418 774 3483 δὲ
830 3420 938 3485 οὐκ
997 3419 1130 3483 xri.
1195 3439 1362 3484 nunc
1425 3421 1665 3483 summi
1730 3420 1939 3484 critici
2004 3417 2267 3483 calculis
2314 3423 2379 3483 et
2426 3417 2855 3495 συνεμπτώσει

465 3523 738 3609 (Mnem.
786 3524 918 3592 ΧΠ
968 3522 1098 3589 166
1149 3526 1270 3611 sq.)
1321 3526 1794 3610 comprobatam
1842 3545 1976 3590 ease
2016 3523 2223 3590 laetus
2262 3523 2474 3591 video.
2518 3523 2855 3589 Plutarch.

463 3630 630 3697 Mor.
690 3652 840 3719 pag.
903 3629 1036 3697 862
1094 3631 1250 3697 haec
1313 3631 1771 3697 describentem
1838 3625 2127 3697 omisisse
2188 3630 2397 3706 εἰνάτη
2419 3678 2435 3708 ,
2500 3636 2573 3696 ut
2620 3650 2848 3699 verum

461 3734 662 3801 fateor
677 3786 693 3815 ,
765 3737 859 3803 ita
911 3739 1227 3803 coniciens
1272 3738 1663 3824 ignorabam.
1741 3736 2030 3803 Alteram
2081 3742 2296 3802 autem
2347 3736 2564 3802 addidi
2611 3739 2855 3802 coniec-

459 3846 710 3920 turam,
773 3862 888 3909 nec
953 3845 1172 3928 ipsam,
1223 3842 1747 3927 improbabilem:
1818 3839 1885 3917 ἦν
1936 3878 2019 3891 ·—-
2071 3841 2323 3917 εἰνάτη,
2380 3840 2559 3907 οὐδὲ
2609 3841 2746 3927 (pro
2792 3840 2855 3907 δὲ

458 3950 594 4035 οὐκ)
640 3946 1072 4028 ἐξελεύσεσθαι
1118 3946 1369 4031 ἔφασαν
1417 3949 1548 4014 κτὲ.

545 4160 664 4227 VI.
719 4161 846 4227 10⁷
897 4160 1116 4243 ὅρμιζε
1164 4158 1418 4235 οὗτος.
1484 4161 1841 4229 Pronomen
1884 4163 2165 4230 abundat
2190 4210 2204 4237 ,
2248 4163 2355 4229 aed
2397 4164 2594 4229 etiam
2634 4166 2851 4229 minua

453 4265 585 4331 fero
648 4266 1102 4349 abundantiam
1151 4272 1217 4333 in
1265 4268 1674 4353 sequentibus
1724 4264 1819 4333 οἷοι
1868 4268 1932 4333 δέ
1983 4270 2035 4334 οἱ
2085 4267 2479 4350 πρεσβυτέρῳ
2530 4267 2683 4334 ἐόντι
2734 4276 2851 4335 τῶν

453 4370 701 4438 όδόντων
750 4374 800 4439 οἰ
851 4378 1112 4447 πλεῦνες
1161 4374 1424 4441 ἐσείοντο
1453 4398 1466 4413 ·
1531 4376 1756 4441 τούτων
1808 4374 1883 4440 ὦν
1932 4372 2035 4441 ἕνα
2090 4376 2235 4461 [τῶν
2282 4374 2560 4459 ὀδόντων]
2611 4372 2849 4451 ἐκβάλ-

455 4492 550 4549 λει
617 4478 732 4546 ὑπὸ
778 4480 922 4561 βίης
970 4480 1197 4562 βήξας.
1270 4480 1343 4547 ln
1388 4480 1666 4573 Hippiae
1713 4483 1959 4551 verbis:
2009 4485 2083 4547 ‘H
2132 4491 2218 4565 γῆ
2270 4480 2369 4560 ἥδε
2420 4483 2525 4547 οὐκ
2574 4480 2835 4561 ἡμετέρη
