3436 5161
1228 369 1505 420 mnus
1545 366 1881 418 sosarnus.
2610 345 2741 415 395

367 538 504 602 cuti
571 535 763 622 paulo
823 538 964 620 post
1023 537 1346 622 sequitur:
1409 533 1877 616 τεσσαράκοντα
1936 540 2071 609 νῆες
2132 530 2369 612 μακραὶ
2431 532 2543 608 σὺν
2606 531 2743 612 πρὶν

367 640 656 708 ἄπλωτον
702 641 808 709 καὶ
857 643 1084 722 ἀγρίαν
1129 641 1487 724 εἰρηνεύουσι
1535 641 1861 708 θάλασσαν
1883 690 1900 720 ,
1939 638 2044 709 vel
2077 638 2151 704 Β.
2176 638 2238 705 J.
2265 637 2327 704 4.
2353 636 2419 703 8.
2448 637 2521 704 l:
2549 659 2745 719 προει-

367 752 659 832 ρηνεύσας
723 751 808 815 τοὶ
873 749 1046 815 κατα
1107 751 1217 825 την
1263 750 1571 826 ἀνατολήν
1618 748 1724 816 vel
1769 748 1845 814 B.
1891 746 1951 813 J.
2005 747 2067 814 5.
2119 745 2180 812 6.
2230 744 2310 812 3:
2358 745 2445 811 τοὶ
2491 743 2745 824 μάλιςα

365 865 474 934 τῆς
521 857 755 930 πόλεως
803 857 1263 939 εἰρηνευομένης.

455 1045 618 1113 Bell.
664 1045 708 1113 J
709 1037 819 1114 nd.
873 1045 935 1114 2.
987 1046 1092 1114 17.
1144 1047 1207 1111 3.
1281 1045 1490 1126 Quam
1549 1044 1789 1112 vellem
1848 1043 1889 1110 J
1893 1043 2163 1132 osephus
2223 1043 2332 1110 hie
2392 1041 2745 1128 scripsisset

365 1152 556 1239 paulo
603 1155 900 1239 apertius,
949 1153 1092 1219 Nisi
1140 1151 1574 1220 'Palmudistas
1620 1153 1807 1218 adeas
1853 1151 1931 1218 de
1976 1151 2361 1218 dissensione
2392 1169 2555 1236 quae
2590 1153 2745 1216 tuno

364 1261 650 1325 maxime
693 1259 1006 1348 flagrabat
1051 1263 1217 1325 inter
1261 1258 1594 1326 Hillelitas
1644 1264 1709 1324 et
1754 1256 2217 1325 Schammaitas
2231 1302 2249 1333 ,
2314 1275 2537 1323 eorum
2582 1277 2745 1342 quae

366 1366 472 1432 hie
532 1368 870 1432 traduntur
888 1418 906 1442 ,
970 1387 1052 1432 ne
1112 1368 1452 1431 minimam
1515 1366 1777 1452 quidem
1841 1371 2087 1450 partem
2146 1361 2488 1452 intelliges.
2566 1362 2746 1428 Mihi

366 1470 649 1539 Graetzii
693 1495 852 1560 opus
897 1474 1322 1564 utilissimum
1367 1473 1496 1539 fuit
1541 1477 1605 1539 et
1651 1472 1795 1538 aliis
1841 1491 2090 1558 quoque
2127 1473 2251 1538 erit
2262 1517 2281 1549 ,
2323 1473 2423 1536 uti
2450 1469 2742 1536 arbitror.

455 1656 608 1723 Tria
652 1657 814 1722 vitia
859 1656 1230 1744 corrigenda
1275 1677 1407 1722 esse
1448 1655 1634 1724 video
1682 1656 1759 1723 B.
1782 1653 1847 1722 J.
1886 1654 1950 1719 2.
1980 1654 2087 1720 17.
2115 1653 2177 1720 9.
2228 1651 2350 1719 Καὶ
2397 1653 2539 1727 τοὺς
2588 1653 2742 1734 πύρ-

366 1787 511 1852 γους
577 1764 1070 1846 ἐπισχόντες
1135 1767 1188 1830 οἱ
1252 1765 1552 1833 ςασιαςαὶ
1612 1762 2101 1844 παρεφύλαττον
2148 1763 2237 1840 μή
2287 1784 2381 1835 τις
2427 1762 2545 1825 τῶν
2592 1783 2743 1841 spa-

365 1879 591 1936 τιωτῶν
659 1870 1054 1952 διαφύγῃ.
1142 1870 1604 1960 corrigendum
1665 1877 1764 1936 est
1824 1867 2375 1950 περισχόντες
2441 1871 2507 1935 et
2574 1868 2743 1933 δια-

365 1984 419 2059 φ
439 1977 474 2040 ύ
493 2001 581 2056 γο
601 2003 640 2042 ι.
690 1975 815 2043 Sed
862 1977 1072 2043 multo
1120 1981 1379 2066 gravior
1425 1998 1595 2043 error
1641 1983 1737 2042 est
1781 1978 1849 2041 in
1896 1975 2108 2042 verbis
2154 1995 2317 2060 quae
2354 1979 2740 2061 sequuntur,

365 2084 480 2148 ubi
547 2083 963 2150 adhortantur
1029 2105 1249 2150 sanam
1317 2089 1564 2171 partem
1625 2082 1847 2171 populi
1908 2104 1987 2148 ne
2049 2080 2414 2149 libertatem
2476 2080 2743 2167 prodant

364 2191 629 2273 οἰκείῳ
679 2191 882 2272 δήμῳ·
931 2195 1067 2258 sine
1113 2213 1318 2258 sensu.
1389 2191 1709 2257 Emenda:
1761 2191 2041 2271 εἰκαίῳ
2086 2188 2277 2270 δήμῳ.
2343 2187 2502 2255 Vide
2552 2187 2743 2253 modo

363 2299 439 2364 B.
460 2297 520 2365 J.
551 2297 614 2366 4.
642 2298 703 2364 5.
731 2297 810 2364 3:
847 2299 916 2364 τὸ
952 2299 1065 2377 μὲν
1101 2300 1328 2364 εἰκαῖον
1362 2297 1468 2379 ἐφ’
1510 2294 1578 2363 οὗ
1616 2298 2051 2377 καταληφθείη
2091 2294 2317 2374 τόπου,
2342 2295 2737 2377 διεφθείρετο.

455 2504 713 2569 Praeter
757 2508 1041 2569 mentem
1089 2504 1414 2589 scriptoris
1462 2502 1671 2568 editur
1717 2501 1793 2567 B.
1838 2498 1899 2565 J.
1948 2498 2012 2566 2.
2062 2497 2169 2565 18.
2222 2497 2298 2566 7:
2348 2499 2430 2564 Οἱ
2485 2498 2598 2576 μὲν
2644 2494 2741 2564 οὖν

362 2610 557 2677 λοιποὶ
621 2610 962 2692 φεύγοντες
1025 2608 1584 2688 διεφθάρησαν
1605 2631 1620 2646 ·
1687 2617 1847 2687 τρεῖς
1912 2607 1975 2672 δὲ
2037 2605 2259 2687 ἄνδρας
2306 2605 2739 2686 συλλαβόντες

239 2702 253 2721 ⁸
363 2714 563 2798 ἔσυρον
609 2719 688 2790 ὦς
735 2713 1543 2809 ζῶνταςικαταφλέξοντες.
1595 2714 1895 2799 Exceptis
1942 2715 2149 2801 igitur
2191 2712 2326 2779 illis
2368 2714 2609 2794 tribue,
2644 2735 2739 2811 re-

360 2822 526 2910 liqui
571 2828 906 2889 evaserunt
925 2870 942 2902 ‚
987 2843 1102 2889 nec
1148 2821 1564 2904 διεφθάρησαν
1583 2868 1601 2899 ,
1649 2819 1759 2887 sed
1807 2820 1873 2885 δι
1892 2844 1922 2884 ε
1938 2844 1977 2885 σ
1994 2844 2043 2885 π
2059 2818 2103 2888 02
2120 2844 2151 2901 ρ
2167 2845 2202 2896 η
2220 2844 2257 2887 σ
2277 2846 2322 2887 α
2339 2844 2391 2887 ν.

450 3023 528 3089 Β.
571 3022 632 3090 J.
682 3022 743 3088 3.
797 3020 857 3087 3.
907 3020 948 3087 5
995 3024 1100 3088 οὐκ
1163 3022 1540 3095 ἀσκόπως
1588 3020 2039 3107 Hierosolyma
2083 3020 2483 3108 appellarunt
2524 3023 2739 3110 regio·

357 3130 459 3195 nis
506 3128 929 3214 umbilicum,
979 3130 1090 3195 sed
1133 3128 1342 3195 malo:
1391 3128 1736 3209 ἀςόχως.
1782 3127 1858 3193 Β.
1893 3126 1953 3192 J.
1992 3126 2055 3194 3.
2093 3127 2155 3192 5.
2186 3128 2260 3193 4·
2300 3127 2409 3208 ἐφ’
2449 3124 2737 3209 ὕσπληγ-

361 3260 470 3313 γος
533 3234 792 3317 ἐξορμᾶν
854 3237 1192 3302 dicendum
1253 3236 1380 3301 fuit
1441 3238 1561 3317 ἀφ’
1627 3231 2144 3313 ὕσπληγγος.
2213 3234 2288 3299 Β.
2334 3233 2397 3301 .Ῐ.
2457 3234 2519 3301 3.
2581 3236 2642 3303 6.
2692 3234 2737 3303 2

359 3344 737 3409 describitur
779 3364 1012 3431 agmen
1057 3342 1456 3409 Romanum:
1517 3342 1749 3415 τούτοις
1799 3342 1920 3423 ἀφ’
1970 3338 2195 3417 ἑκάς-ης
2244 3342 2736 3427 ἑκατονταρχίας

359 3449 708 3527 ἠκολούθουν
756 3449 940 3528 δέκα,
989 3452 1098 3525 τήν
1146 3473 1214 3514 τε
1263 3450 1463 3514 αὑτῶν
1511 3450 1731 3524 σκευὴν
1776 3448 1880 3513 καὶ
1928 3447 2013 3513 τὰ
2060 3446 2321 3531 μέτρα
2358 3455 2470 3523 τῆς
2495 3474 2736 3533 παρεμ-

357 3557 554 3635 βολῆς
616 3556 925 3639 Φέροντες.
1009 3554 1058 3621 1⁷
1059 3558 1212 3621 allos
1271 3554 1624 3645 signifieat,
1688 3575 1845 3641 quos
1898 3554 2211 3634 πρέμνα
2257 3558 2471 3642 potnit
2516 3558 2733 3644 appel-

358 3664 506 3731 lare.
577 3662 740 3732 Vide
784 3664 976 3730 modo
1022 3662 1373 3751 Polybium
1423 3662 1526 3730 18.
1581 3665 1639 3729 1.
1691 3660 1770 3728 63
1817 3662 1869 3728 οἱ
1916 3662 2029 3739 μὲν
2077 3662 2204 3741 γὰρ
2244 3662 2548 3737 Ἕλληνες
2588 3666 2731 3728 τοῦ·

355 3796 458 3837 τον
522 3773 815 3851 ἡγοῦνται
863 3768 1132 3853 χάρακα
1177 3769 1468 3848 βέλτιςον
1488 3816 1506 3849 ,
1555 3760 1615 3844 ὃς
1665 3768 1745 3834 ἂν
1790 3767 1923 3851 ἔχοι
1971 3769 2237 3843 πλεΙςας
2286 3768 2575 3853 ἐκφύσεις
2622 3768 2729 3837 καὶ

353 3879 630 3958 myst-aq
677 3876 853 3959 πέριξ
897 3882 1005 3944 τοῦ
1053 3876 1337 3959 πρέμνον.

444 4062 685 4130 Dubito
729 4084 1038 4130 verumne
1083 4064 1171 4128 sit
1214 4061 1381 4147 quod
1425 4060 1680 4127 invenio
1726 4060 1801 4125 B.
1847 4058 1909 4125 J.
1958 4057 2022 4125 3.
2072 4056 2135 4127 ’7.
2186 4058 2229 4125 4
2273 4058 2439 4125 nihil
2483 4080 2616 4127 esse
2659 4062 2728 4127 in

355 4168 524 4237 bello
584 4168 868 4248 ἀνάγκης
930 4166 1552 4248 μαχιμώτερον,
1613 4186 1762 4232 nam
1825 4165 2385 4247 ἀλκιμώτερον
2446 4165 2515 4232 id
2560 4168 2729 4234 mihi
2838 4220 2847 4234 .

353 4275 694 4342 dicendum
756 4276 1012 4341 videtur
1028 4324 1048 4360 ,
1111 4275 1306 4340 sicuti
1365 4278 1532 4339 recte
1578 4272 1813 4339 dicitur
1859 4272 1923 4339 3.
1972 4272 2032 4340 ’7.
2084 4270 2169 4337 18
2214 4270 2381 4338 nihil
2424 4294 2559 4339 esse
2605 4273 2725 4339 οὶλ-

353 4379 676 4463 κιμῶτερον
734 4389 843 4456 τῆς
906 4383 1332 4461 ἀπογνώσεως.
1403 4378 1478 4445 Β.
1527 4380 1587 4446 J.
1638 4377 1698 4444 3.
1750 4376 1811 4443 9.
1863 4378 1898 4444 l
1948 4384 2177 4469 rogant
2224 4399 2443 4445 omnes
2488 4378 2726 4467 Vespa-

353 4491 604 4555 sianum
651 4494 726 4554 ut
771 4508 1040 4575 poenam
1087 4488 1166 4554 ab
1212 4486 1250 4552 J
1254 4486 1486 4574 osepho
1528 4491 1775 4574 repetat
1792 4534 1810 4565 ,
1859 4486 1969 4552 sed
2012 4484 2365 4572 Imperator
2398 4506 2537 4553 rem
2576 4486 2725 4565 355-

2363 4608 2429 4656 26
