3436 5161
687 350 824 420 378
1099 395 1102 402 ·
1551 369 1825 418 umus
1870 369 2201 420 sosarnus.

683 535 898 602 locum
945 534 1024 602 de
1071 535 1514 602 Andromacho
1561 539 1626 601 et
1675 533 1965 602 Gemello
1984 581 2003 613 ‚
2050 537 2162 620 qui
2207 554 2404 620 quum
2448 534 2560 600 diu
2602 553 2837 621 mag-na
2858 535 3083 621 gratia

683 641 853 727 apud
896 639 1217 707 Herodem
1265 640 1656 718 valuissent,
1706 640 1839 708 levi
1886 641 1965 706 de
2010 660 2198 708 eausa
2244 641 2493 706 dimissi
2540 647 2711 708 sunt.
2774 641 2895 706 Καὶ
2945 640 3081 720 γὰρ

683 747 1106 830 Ἀνδρόμαχον
1167 751 1273 812 καὶ
1335 747 1648 826 Γέμελλον
1695 785 1782 796 -
1829 747 1962 811 καὶ
2030 749 2107 811 τί
2160 746 2320 828 γὰρ
2367 747 2401 823 ἢ
2452 755 2680 828 πρῶτον
2730 747 3078 826 παρρησίας

684 855 868 920 τόπον
917 855 1308 935 ἐσχηκότας,
1360 855 1762 936 παρῃτήσατο
1809 854 1974 919 τότε.
2045 854 2253 919 Arena
2300 855 2435 919 sine
2481 853 2651 920 ealce
2690 857 2848 938 erit,
2875 854 3076 920 donec

686 961 1154 1028 emendaveris:
1214 961 1489 1026 καίτοι
1539 958 1609 1038 γ’
1658 957 1843 1039 ἄρτι
1902 961 2134 1039 πρῶτον
2182 959 2523 1038 παρρησίας
2572 961 2757 1024 τόπον
2805 957 3077 1039 ἐσχηκό-

685 1091 825 1140 τας.
882 1067 1112 1133 Neseio
1157 1066 1470 1153 quomodo
1517 1049 1737 1132 eadem
1784 1065 2023 1131 locutio
2068 1068 2136 1130 in
2186 1067 2423 1131 vicinia
2469 1066 2569 1131 bis
2614 1069 2821 1153 periit.
2883 1065 3079 1152 Legi-

685 1179 792 1246 tur
837 1175 1054 1259 Antiq.
1111 1171 1212 1238 16.
1263 1171 1326 1238 8.
1379 1172 1454 1237 5:
1521 1171 1654 1236 κα)
1716 1172 1797 1236 τί
1856 1171 2013 1251 γὰρ
2060 1171 2094 1246 ἢ
2145 1169 2423 1252 καθάπερ
2470 1171 2703 1246 λύττης
2753 1173 2909 1243 τινὸς
2956 1172 3075 1248 ε’μ-

685 1280 988 1354 πεσούσης
1036 1281 1180 1345 κατ’
1225 1281 1515 1354 ἀλλήλων
1562 1281 1615 1344 οἱ
1661 1277 1869 1343 παλαι
1917 1276 2216 1358 φίλτατοι
2257 1280 2643 1359 τεθηρίωντο,
2687 1279 2797 1344 ubi
2838 1276 3069 1344 itidem

681 1385 850 1452 illud
896 1387 1094 1451 καίτοι
1142 1385 1210 1465 γ’
1261 1383 1398 1465 ἄρτι
1449 1387 1737 1472 apprime
1784 1385 2099 1450 convenit.
2172 1383 2427 1450 Tertius
2485 1384 2664 1450 locus
2706 1391 2802 1450 est
2846 1383 3069 1468 Antiq-

689 1490 792 1558 16.
848 1493 949 1558 10.
1003 1493 1062 1558 5.
1125 1491 1324 1558 Filios
1390 1492 1823 1558 Alexandrum
1886 1497 1952 1558 et
2006 1491 2449 1558 Aristobulum
2512 1514 2624 1558 rex
2668 1495 2735 1558 in
2784 1492 3075 1557 custodia

681 1597 990 1665 habebat:
1040 1595 1108 1674 ἦν
1155 1599 1232 1680 δὲ,
1263 1599 1521 1678 Φυλακη
1573 1598 1677 1663 καὶ
1726 1601 1971 1678 τήρησις
2020 1600 2219 1663 αὐτῶν
2258 1599 2361 1664 καὶ
2406 1602 2651 1682 προσῄει
2692 1601 2806 1676 μὲν
2846 1599 3070 1675 οὐδείς,

682 1705 899 1770 πάντα
957 1704 1020 1770 δὲ
1085 1705 1481 1770 ἐπεσκοπεῖτο
1528 1706 1613 1771 τὰ
1659 1705 1960 1782 γίνομενα
2009 1704 2114 1769 καὶ
2164 1706 2547 1783 λαλούμενα.
2622 1704 2806 1772 Nihil
2851 1711 3073 1772 tamen

681 1811 854 1877 ultra
899 1813 1321 1897 patiebantur.
1397 1812 1549 1877 Kal
1613 1813 1694 1876 τί
1756 1812 1912 1893 γὰρ
1962 1811 1995 1887 ἢ
2046 1811 2395 1878 καταδίκων
2441 1809 2609 1896 εἶχον
2658 1809 2908 1890 ἀδοξίαν
2955 1812 3067 1876 καὶ

682 1917 829 1992 δέος.
902 1916 1091 1984 Vides
1136 1919 1289 2004 quid
1337 1921 1692 1985 coniiciam.

772 2134 988 2220 Antiq.
1043 2133 1146 2200 16.
1189 2131 1254 2199 9.
1299 2135 1371 2199 1:
1419 2131 1632 2198 πάντα
1679 2133 1742 2198 δὲ
1790 2130 2127 2214 ἐτάραττον
2172 2118 2731 2210 ἐπαναςασει.
2780 2133 3069 2201 nondum

683 2250 1034 2308 correctum
1082 2240 1243 2307 fuit:
1297 2241 1409 2306 ἐπ’
1457 2238 1881 2309 οἱναςοὶσει.
1954 2241 2167 2324 Antiq.
2230 2239 2333 2306 16.
2381 2238 2441 2306 9.
2498 2239 2568 2306 3:
2635 2242 2737 2306 διὰ
2797 2242 2865 2306 τὸ
2912 2241 3067 2318 μήτ’

685 2347 932 2414 αὑτὸν
994 2350 1157 2425 μήτε
1220 2350 1327 2422 την
1385 2348 1726 2428 Ἀραβικὴν
1773 2346 2027 2423 δύναμιν
2076 2355 2397 2427 παρεῖναι,
2448 2353 2735 2436 syntaxis
2782 2347 3065 2434 postulat

681 2479 724 2520 α
743 2457 776 2520 ὑ
796 2455 883 2520 τό
893 2480 946 2528 ς.
1019 2452 1261 2520 Deinde
1323 2455 1556 2518 iterum
1623 2453 2032 2530 exacerbatus
2094 2452 2221 2518 fuit
2282 2453 2556 2519 Herodis
2602 2458 2669 2520 in
2716 2452 2879 2520 filios
2928 2455 3062 2518 ani-

680 2584 860 2641 mus,
913 2563 1128 2649 Antiq.
1187 2558 1287 2625 16.
1343 2560 1444 2626 10.
1493 2559 1566 2625 2:
1635 2559 1743 2635 ἤδη
1795 2559 1896 2624 διὰ
1942 2560 2157 2637 μίσους
2206 2561 2423 2627 οἰκείου
2468 2563 2882 2640 γεγενημένος
2928 2562 3062 2625 αὖ·

679 2670 767 2735 τό
783 2696 850 2747 ς,
904 2670 962 2734 εἰ
1004 2668 1108 2732 καὶ
1157 2669 1245 2746 μη
1286 2665 1459 2745 λέγοι
1504 2688 1631 2745 τις,
1672 2664 2211 2749 ἐξειργάζετο
2254 2676 2614 2750 παρατηρῶν
2640 2664 2864 2737 ἓκαςα.
2911 2664 3063 2732 Cor·

677 2778 889 2863 rigam
937 2775 1217 2845 αὐτοῖς
1267 2778 1331 2838 et
1378 2770 2033 2853 περιειργάζετο.
2094 2772 2435 2858 Sequentia
2475 2775 2889 2861 quantumvis
2929 2793 3059 2839 cor-

564 2970 587 2985 ·
677 2892 869 2967 rupta
906 2878 1190 2967 intelligi
1235 2887 1454 2945 tamen
1497 2885 1797 2965 poterunt
1846 2886 2097 2965 propter
2142 2878 2305 2946 Bell.
2350 2880 2500 2949 Jud.
2556 2886 2614 2948 1.
2662 2880 2771 2948 26.
2822 2880 2885 2946 5.

767 3091 1071 3159 Nicolaus
1117 3091 1546 3158 Damascenus
1592 3088 1929 3179 Syllaenm
1977 3094 2298 3159 accusavit
2344 3092 2515 3179 apud
2548 3090 2883 3160 Caesarem
2926 3096 3055 3159 Au-

675 3207 944 3289 gustum
990 3202 1204 3287 Antiq.
1264 3198 1362 3264 16.
1399 3196 1500 3263 10.
1526 3196 1600 3263 8:
1643 3199 1979 3278 προσετίθει
2020 3199 2083 3263 δὲ
2119 3200 2189 3265 τὸ
2226 3200 2517 3284 με’γεςον,
2544 3202 2619 3273 ὡς
2663 3198 2746 3277 ἐξ
2766 3201 3057 3275 αναςή·

677 3330 847 3372 σειε
895 3306 1218 3390 Καίσαρα,
1265 3304 1453 3383 μηδὲν
1502 3305 1723 3378 ἄληθες
1771 3303 2024 3381 διδάξας
2077 3306 2221 3386 ὑπὲρ
2269 3312 2385 3371 τῶν
2419 3307 2644 3389 Ἡρώδῃ
2683 3307 3049 3388 πεπραγμέ-

674 3437 802 3480 νων.
870 3413 1130 3479 Novum
1179 3419 1242 3478 et
1285 3411 1649 3477 inauditum
1696 3411 1817 3477 hoe
1865 3414 2105 3476 crimen
2151 3419 2247 3477 est
2294 3412 2581 3494 Καίσαρα
2631 3412 3049 3489 ἕξαναςῆσαι·

671 3522 782 3587 eed
823 3520 1318 3605 uniuscuiusque
1357 3523 1453 3583 est
1492 3517 1777 3583 invenire
1814 3538 2042 3583 verum
2083 3518 2253 3603 quod
2290 3524 2420 3585 est:
2464 3517 2547 3596 ἐξ
2565 3523 3049 3598 απατήσειε.

671 3625 916 3692 Deinde
959 3628 1028 3691 in
1073 3632 1368 3691 extrema
1398 3624 1650 3690 Nicolai
1692 3624 2009 3690 oratione:
2051 3626 2223 3707 φημί
2259 3626 2385 3707 γὰρ
2414 3664 2496 3676 -
2526 3628 2650 3693 καὶ
2694 3628 2826 3708 περ)
2869 3628 3053 3692 πέντε

670 3733 777 3799 καὶ
827 3732 1013 3799 εἴκοσι
1063 3728 1288 3809 συνέβη
1340 3736 1549 3796 πεσεῖν
1597 3730 1739 3801 τοὺς
1787 3728 2031 3805 πάντας
2052 3780 2068 3807 ,
2116 3733 2350 3799 scribe:
2400 3736 2503 3806 ὥς.
2549 3734 2734 3800 Nihil
2781 3734 3050 3800 dubium

549 3870 555 3879 ·
669 3846 768 3906 est
826 3841 981 3926 quin
1026 3843 1160 3905 tota
1203 3837 1358 3903 haee
1403 3837 1815 3903 historiarum
1864 3857 2009 3922 pars
2058 3843 2310 3903 tantum
2356 3860 2482 3905 non
2530 3840 2612 3905 ad
2656 3840 2926 3907 verbnm
2972 3859 3048 3904 ex

667 3945 931 4013 Nicolao
978 3946 1354 4030 transcripta
1398 3946 1502 4009 sit.
1551 3942 1779 4009 Veluti
1825 3941 1990 4009 illud
2041 3948 2105 4009 τί
2150 3947 2246 4011 δεῖ
2288 3946 2393 4011 καὶ
2442 3946 2651 4024 λέγειν
2697 3949 2915 4033 Antiq.
2946 3945 3049 4014 16.

677 4055 782 4118 ll.
832 4050 908 4117 5:
958 4050 1130 4126 ἤκουε
1173 4052 1402 4117 τούτων
1440 4051 1468 4115 ὅ
1508 4048 1813 4128 βασιλεὺς
1856 4050 1917 4113 έν
1952 4050 2119 4131 ἀρχῇ
2164 4052 2277 4127 μὲν
2318 4054 2384 4117 οὐ
2424 4052 2833 4119 παντάπασιν
2856 4055 3052 4131 ἄγνω-

670 4160 866 4237 μόνως
887 4180 903 4196 ·
952 4158 1126 4222 ἄλλα
1150 4204 1168 4234 ,
1212 4159 1290 4222 τί
1339 4158 1463 4222 δεῖ
1505 4157 1640 4221 καὶ
1688 4157 1839 4233 λέγ
1864 4180 1927 4219 ει
1950 4181 2009 4235 ν,
2038 4156 2363 4233 διεκίνησεν
2390 4159 2633 4236 ἑαυτόν,
2665 4178 2865 4244 quum
2890 4158 3051 4249 Tere

670 4268 962 4351 pergeret
1008 4264 1235 4329 dicere.
1282 4262 1550 4330 Addidit
1585 4262 1701 4329 hoe
1743 4261 2032 4328 oculatus
2067 4272 2131 4330 et
2172 4266 2419 4330 auritus
2456 4268 2674 4351 testis,
2700 4266 2811 4352 qui
2834 4286 3050 4354 regem

670 4373 961 4450 amabat;
1025 4373 1160 4455 ipse
1224 4370 1264 4437 J
1267 4369 1536 4457 osephus
1605 4369 1833 4437 addere
1901 4388 2027 4435 non
2098 4372 2410 4456 potuisset
2426 4421 2442 4448 ‚
2512 4372 2639 4439 nisi
2706 4373 3052 4439 invenisset

669 4478 839 4566 apud
884 4477 1108 4547 alium.
2220 4494 2223 4497 ’
