3436 5161
662 341 791 406 106
1614 360 1701 407 u>
1747 358 2096 407 tuomum.

660 523 961 589 πονθέναι.
1030 524 1261 591 Paullo
1326 526 1561 590 rectius
1620 525 1884 591 heberet
1934 549 1978 588 α
1999 525 2156 591 ὐτό.
2231 522 2465 593 Contra
2509 526 2578 591 in
2625 546 2677 591 e.
2731 522 2794 589 4.
2843 522 3046 607 ταύτῃ

658 634 897 712 χείρους
963 632 1101 697 ἐστὲ
1164 633 1299 697 καθ’
1363 632 1632 711 ἡσυχίαν
1696 631 1896 697 αὐτὸ
1962 632 2318 713 πάσχοντες
2383 634 2697 698 sententie
2743 632 2923 698 ducit
2967 631 3048 697 ed

660 738 954 815 ταῦτό;
1002 739 1083 804 of.
1133 738 1347 803 Prom.
1400 758 1467 804 es
1512 740 1581 802 in
1629 740 1840 805 verbis
1885 760 1940 805 o.
1991 737 2033 804 3
2073 738 2512 805 ἱῃίὶῃθεπολὺ
2537 736 2936 821 ὥμορφότερα
2960 738 3048 803 τὰ

660 844 834 924 μετὰ
882 848 988 909 τοῦ
1033 841 1205 920 ξένου
1251 846 1507 910 ταύτὸ
1554 844 1924 911 πεπονθότα.

754 1058 941 1125 XIX.
1002 1060 1062 1127 1.
1130 1060 1403 1135 ἡμιτελῆ
1464 1060 1611 1137 μὲν
1671 1060 1776 1125 τὸν
1837 1058 2016 1139 δόμον
2073 1059 2479 1136 καταλιπών,
2545 1062 2747 1142 χήραν
2809 1084 2896 1125 τε
2939 1061 3052 1135 την

662 1164 971 1245 νεόγαμον
1016 1173 1310 1245 γυναῖκα.
1385 1164 1629 1233 Vitiose
1673 1187 1788 1252 pro
1832 1169 1866 1232 δ
1883 1166 1932 1232 έ.

754 1378 820 1445 2.
873 1380 1315 1460 ἀποκρινοῦμαι
1362 1379 1878 1461 δικαιότερα.
1949 1380 2022 1446 L.
2072 1379 2608 1448 δικαιότατα.

756 1591 910 1658 XX.
976 1592 1224 1657 πάντων
1288 1592 1363 1659 ἂν
1421 1592 1509 1666 εἴη
1557 1598 1736 1659 τοῦτο
1783 1593 1868 1658 τὸ
1915 1596 2254 1674 γνώρισμα.
2330 1594 2660 1661 Atticulae
2705 1598 2771 1661 in
2819 1592 3051 1661 Codice

668 1698 997 1765 Marciano
1056 1700 1234 1765 abest
1253 1722 1270 1778 3
1332 1706 1521 1767 reete.
1586 1700 1691 1765 Ex
1743 1702 1962 1768 eodem
2011 1704 2216 1787 recipe
2264 1727 2301 1766 σ
2321 1725 2370 1766 π
2384 1725 2413 1767 ο
2431 1703 2465 1766 δ
2479 1726 2508 1767 ο
2523 1708 2556 1768 ῦ
2571 1716 2592 1733 “
2616 1704 2661 1768 οἱ
2679 1728 2709 1767 ν
2727 1700 2772 1767 02
2787 1725 2836 1766 π
2853 1718 2894 1767 λ
2913 1726 2942 1767 ε
2959 1728 3001 1766 ω
3021 1724 3052 1775 ς

664 1826 781 1891 pro
828 1829 877 1869 π
894 1819 935 1870 λ
950 1806 981 1870 έ
998 1832 1040 1871 ω
1060 1832 1115 1881 ς.

758 2020 935 2087 XXI.
1004 2021 1067 2087 2.
1130 2022 1302 2110 Lege
1350 2021 1599 2099 ἐπείπερ
1648 2026 1992 2102 ἀναγκαῖον
2037 2021 2152 2110 (ὃν)
2203 2025 2356 2090 αὐτὸ
2405 2024 2556 2104 ἑώρα
2603 2030 2668 2089 et
2715 2020 2870 2096 ὅλως
2918 2022 3052 2104 περὶ

670 2126 917 2193 πάντων
966 2153 1045 2207 γε
1095 2136 1209 2195 τῶν
1260 2132 1538 2195 τοιούτων
1586 2129 1900 2217 (ταύτὸ)
1948 2130 2138 2194 εἰπεῖν
2186 2127 2264 2193 ἄν
2313 2127 2545 2209 ἔχοιμι.

760 2342 975 2410 XXII.
1042 2343 1104 2409 1.
1170 2342 1400 2417 Μοὶτην
1464 2339 1563 2409 οὖν
1626 2341 1789 2409 ἔσει
1853 2346 2214 2417 πεπλευκὼς
2275 2351 2558 2411 τοσοῦτον
2621 2350 2835 2411 πλοῦν.
2929 2345 3055 2421 Qui

668 2451 825 2515 haec
874 2446 1189 2535 explicare
1237 2454 1577 2526 conentur,
1626 2452 1721 2514 ite
1765 2452 2058 2534 capiunt:
2109 2452 2344 2517 frustra
2391 2458 2521 2517 tem
2573 2450 2830 2539 longam
2877 2453 3056 2517 nevi-

666 2558 994 2646 gationem
1066 2557 1447 2642 susceperis;
1520 2558 1645 2622 nisi
1716 2558 1889 2622 enim
1957 2564 2282 2623 vecturam
2347 2557 2653 2632 solveris,
2720 2561 2787 2623 in
2850 2560 3054 2626 vitem

664 2667 788 2730 tibi
836 2668 957 2730 erit
1006 2663 1419 2729 redeundum.
1490 2662 1738 2729 Verum
1790 2665 1939 2729 huie
1985 2667 2528 2750 interpreteticni,
2579 2671 2654 2730 ut
2699 2673 2906 2731 cetera
2961 2671 3055 2732 te—

664 2792 879 2855 oeem,
922 2771 1235 2836 obstinate
1276 2773 1637 2834 renituntur
1685 2791 1846 2853 quae
1893 2774 2112 2856 paucis
2158 2773 2548 2856 interpositis
2589 2771 2891 2857 Menippo
2932 2773 3051 2837 hoo

663 2880 877 2962 ipsum
942 2879 1216 2962 petenti:
1283 2878 1491 2940 οὐκοῦν
1552 2875 1780 2953 ἄπαγέ
1841 2901 1923 2952 με
1987 2871 2156 2948 αὖθις
2221 2879 2280 2947 ἐς
2345 2880 2447 2943 τὸν
2514 2879 2650 2953 βίον
2719 2878 3052 2963 respondet

666 2982 952 3050 Charon:
1021 2985 1237 3064 χάριεν
1300 2981 1547 3058 λέγεις,
1612 2978 1712 3046 ἵνα
1777 2982 1880 3046 καὶ
1949 2982 2204 3059 πληγὰς
2281 2984 2380 3046 ἐπὶ
2451 2985 2646 3065 τούτῳ
2721 2985 2890 3064 παρὰ
2947 2987 3054 3048 τοῦ

665 3091 902 3156 Αἰακοῦ
965 3087 1341 3165 προσλάβω
1387 3087 1613 3171 Itaque
1658 3087 1803 3153 luce
1852 3088 2084 3153 elarius
2131 3095 2228 3154 est
2275 3111 2422 3155 eum
2472 3109 2597 3155 non
2644 3111 2719 3155 ee
2765 3091 3056 3155 minitari

664 3217 881 3282 posse,
928 3215 1089 3279 quae
1136 3197 1271 3279 ipse
1320 3193 1597 3258 fateatur
1643 3193 1766 3259 sibi
1814 3193 1992 3259 nullo
2040 3194 2229 3260 modo
2275 3193 2486 3261 licere.
2559 3195 2789 3261 Veram
2839 3195 3056 3260 lectio·

660 3323 810 3366 nem
873 3302 1113 3385 aperiet
1172 3297 1443 3365 collatus
1499 3298 1676 3365 loeus
1742 3300 1914 3366 haud
1977 3300 2310 3367 dissimilis
2361 3303 2430 3366 iu
2478 3301 2590 3368 Bis
2638 3301 2954 3367 Aecuseto
3003 3322 3055 3366 o.

664 3405 785 3484 23,
840 3408 951 3471 ubi
999 3404 1399 3488 Mercurius,
1448 3407 1703 3472 senibus
1751 3409 2154 3492 patrocinans
2203 3406 2382 3472 nulle
2428 3407 2718 3473 mercede
2765 3412 3058 3494 accepte,

665 3534 815 3578 oum
859 3532 1047 3577 cause
1086 3512 1151 3575 in
1196 3513 1506 3577 iudicium
1552 3533 1676 3578 non
1724 3515 2038 3590 venisset,
2077 3533 2115 3578 a
2151 3513 2411 3579 Iustitia
2435 3514 2748 3579 dimissis:
2786 3511 3059 3590 μάτην

660 3616 743 3685 οὗ
758 3643 788 3684 ν
835 3620 1278 3692 ἀνεληλυθότες
1327 3613 1433 3682 ὦσι
1482 3617 1762 3696 γέροντες
1811 3618 2019 3697 ἄνδρες
2066 3615 2218 3684 οὕτω
2268 3621 2516 3698 μακρὰν
2557 3621 2668 3691 την
2712 3618 3048 3694 ἀνάβασιν.

661 3728 927 3793 Prorsus
990 3724 1209 3791 eodem
1278 3724 1469 3790 modo
1533 3723 1784 3790 Charon
1830 3747 1977 3791 oum
2037 3724 2344 3811 Menippo
2407 3725 2485 3791 de
2547 3727 2824 3810 portorio
2871 3745 3060 3811 expo-

660 3833 893 3902 stulet:
956 3833 1185 3906 Μοὶτην
1245 3827 1343 3896 οὖν
1407 3829 1699 3907 ἔσομαι
1768 3833 2132 3904 πεπλευκὼς
2199 3837 2481 3896 τοσοῦτον
2545 3837 2776 3908 πλοῦν;
2828 3832 3063 3916 quibus

662 3943 903 4025 optime
951 3939 1295 4024 Menippus
1345 3938 1713 4024 respondet:
1763 3943 1792 4001 δ
1839 3941 2066 4018 Ἑρμῆς
2119 3938 2264 4018 ὑπὲρ
2317 3939 2464 4015 ἐμοῦ
2515 3961 2602 4002 σοι
2651 3938 2950 4003 ἀποδότω.
3081 3943 3088 3948 '

760 4153 819 4218 3.
884 4155 1173 4232 ἀγνοεῖς,
1238 4151 1279 4219 ὦ
1340 4152 1581 4232 Χάρων,
1650 4149 1930 4218 ὅντινα
1991 4152 2184 4230 ἄνδρα
2245 4151 2744 4232 διεπόρθμευσας.
2833 4152 2908 4219 Si
2952 4149 2990 4218 δ’
3000 4178 3064 4219 ν-

666 4284 852 4326 τινα
899 4264 1067 4325 reete
1090 4282 1156 4325 se
1179 4260 1475 4340 heberet,
1502 4258 1840 4326 molestum
1873 4259 2036 4327 illud
2086 4259 2341 4340 ἄνδρα
2387 4259 2834 4346 expellendum
2863 4264 3060 4336 esset3

672 4367 785 4433 sed
841 4387 918 4432 ex
976 4369 1384 4452 sequentibus
1440 4387 1688 4456 quoque
1760 4372 2022 4458 apparet
2095 4361 2214 4432 οἷό
2231 4391 2262 4432 ν
2329 4388 2515 4432 τινα
2587 4364 2776 4446 ἄνδρα
2847 4367 3066 4462 reponi

674 4474 922 4546 debere.
