3436 5161
719 325 852 395 2¹78
1577 340 1853 391 umus
1896 341 2233 392 sosarnus.

601 567 620 582 .
714 532 816 577 ι·66
881 517 1103 594 utpote
1165 509 1355 595 longe
1415 509 1579 573 infra
1639 529 1708 574 se
1772 511 1927 573 sitas
1993 504 2461 593 despiciebant?
2551 507 2761 574 Nemo
2830 508 3060 572 horum
3082 557 3101 591 ,

719 619 959 701 opinor.
1031 615 1208 679 Inter
1266 614 1304 679 J
1311 615 1543 679 udaeos
1589 634 1712 678 non
1762 618 1911 680 novi
1956 620 2208 698 praeter
2250 612 2678 690 Herodianos,
2730 613 2809 678 cf.
2859 613 3100 679 Matth.

719 721 828 786 22.
895 721 1014 799 16,
1066 726 1130 784 et
1178 722 1500 807 Agrippae
1547 720 1871 795 subditos,
1921 721 2153 803 quibus
2198 717 2511 803 Josephus
2558 719 2805 804 placere
2851 721 3089 804 potuit;

718 829 826 894 sed
872 828 992 893 hoc
1037 847 1241 914 genus
1286 825 1622 891 hominum
1672 828 1801 891 cito
1846 827 2095 890 interiit
2140 832 2207 889 et
2254 825 2611 910 dispersum
2659 825 2805 890 fuit.

809 933 1079 998 Restant
1141 930 1527 1014 Christiani,
1590 951 1747 1016 quos
1808 931 2046 995 dixeris
2106 927 2145 991 J
2150 930 2455 1014 osephum
2514 929 2795 996 multum
2846 931 3095 996 lectita·-

715 1042 903 1104 visse.
971 1037 1317 1102 Hominem
1353 1035 1669 1102 Judaeum
1713 1057 1849 1101 esse
1890 1037 2193 1101 videbant
2228 1041 2293 1100 et
2330 1035 2662 1112 dolebant,
2707 1057 3091 1122 quamquam

715 1166 864 1210 eum
928 1153 1184 1229 propter
1245 1145 1487 1227 patriae
1543 1142 1965 1229 proditionem
2033 1147 2245 1206 tamen
2307 1142 2513 1207 odisse
2576 1162 2701 1208 non
2771 1148 3091 1226 poterant3

713 1250 828 1316 sed
887 1251 1189 1316 tenebant
1247 1247 1600 1324 Judaeum,
1663 1251 1809 1333 qui,
1868 1268 2068 1332 quum
2130 1245 2460 1314 Christum
2510 1250 2827 1334 rejiceret,
2878 1255 3091 1312 tamen

713 1356 1080 1422 testimonio
1141 1374 1258 1419 suo
1319 1352 1764 1430 confirmabat,
1828 1373 2020 1438 quam
2086 1373 2233 1418 vere
2288 1352 2401 1419 ille
2448 1356 2665 1418 omnia
2711 1356 3093 1424 vaticinatus

712 1463 938 1526 fuisset
1001 1460 1078 1526 de
1133 1460 1382 1524 excidio
1445 1458 2061 1546 Hierosolymorum.
2151 1457 2323 1523 Dum
2379 1462 2545 1525 inter
2591 1459 2935 1546 legendum
2986 1479 3093 1543 per

713 1566 1040 1632 flammam
1105 1573 1170 1631 et
1229 1569 1606 1653 sanguinem
1671 1566 2079 1642 incedebant,
2142 1566 2569 1652 agnoscebant
2614 1565 2927 1631 divinitus
2972 1568 3091 1629 im·

713 1676 980 1738 missum
1041 1671 1316 1737 furorem
1379 1679 1444 1736 et
1504 1671 1659 1736 olim
1733 1674 2181 1736 commeritum
2252 1670 2665 1756 supplicium.
2761 1669 3094 1737 Crescebat

713 1789 928 1844 autem
977 1780 1042 1840 in
1091 1777 1225 1840 dies
1271 1774 1777 1841 Christianorum
1820 1797 2157 1852 numerus,
2208 1789 2388 1841 extra
2435 1775 2865 1842 Palaestinam
2919 1798 3091 1862 prae-

712 1886 956 1948 sertim.
1029 1881 1276 1947 Horum
1335 1901 1552 1956 nemo,
1607 1884 1700 1946 uti
1753 1883 2060 1964 arbitror,
2110 1881 2425 1946 Hebraico
2470 1883 2712 1948 sciebat
2756 1903 2873 1948 nec
2921 1885 3091 1966 quis-

713 2009 903 2074 quam
949 1987 1248 2053 delectari
1287 1995 1534 2072 poterat
1572 1989 1838 2052 barbaro
1872 2008 2159 2053 sermone
2182 1988 2819 2074 Septuagintavirum
2846 1989 3089 2074 itaque,

713 2114 911 2179 quum
975 2093 1254 2178 origines
1301 2092 1730 2159 israelitarum
1780 2115 2155 2180 cognoscere
2204 2093 2443 2159 vellent
2466 2144 2481 2170 ,
2533 2115 2919 2180 quamquam
2970 2096 3093 2159 cir-

713 2202 980 2266 cumcisi
1024 2218 1150 2263 non
1197 2207 1404 2264 essent
1445 2220 1649 2284 neque
1693 2198 1971 2265 Iudaeos
2012 2203 2387 2286 cognatione
2426 2203 2847 2287 attingerent,
2894 2220 3095 2264 recur—

711 2307 971 2371 rebatur
1013 2304 1093 2370 ad
1137 2304 1396 2389 Josephi
1443 2304 1916 2389 Antiquitates‚
1965 2311 2079 2391 qui
2126 2315 2447 2390 praeterea
2494 2327 2709 2370 rerum
2756 2307 3091 2370 historiam

710 2421 1144 2497 pertexuerat,
1216 2431 1484 2496 quarum
1549 2415 1616 2475 in
1673 2415 1869 2477 sacris
1938 2412 2121 2478 libris
2188 2432 2313 2476 non
2382 2411 2455 2477 fit
2522 2415 2785 2477 mentio.
2880 2411 3095 2476 Verbo

708 2517 958 2583 dicam:
1003 2519 1210 2602 primo
1255 2516 1506 2583 saeculo
1553 2525 1888 2602 postquam
1937 2539 2126 2603 opera
2172 2538 2291 2583 sua
2329 2517 2645 2604 Josephus
2684 2519 2922 2594 edidit,
2966 2537 3092 2583 non

708 2625 937 2689 habuit
996 2625 1261 2688 fortasse
1321 2623 1562 2689 multos
1623 2623 1924 2699 lectores3
1987 2624 2095 2689 sed
2164 2645 2317 2707 quos
2388 2624 2647 2700 habuit,
2720 2633 2899 2690 erant
2966 2624 3095 2689 fere

709 2726 1082 2796 Christiani.
1145 2727 1289 2793 Jam
1341 2728 1775 2815 colligendum
1820 2736 1917 2794 est
1951 2730 2103 2814 quid
2143 2752 2223 2795 ex
2262 2750 2335 2795 ea
2376 2732 2733 2815 suspicione
2768 2736 3093 2814 sequatur.

800 2834 954 2900 Tres
1015 2836 1420 2919 potissimum
1485 2842 1635 2899 sunt
1693 2836 1861 2919 apud
1920 2833 1959 2899 J
1966 2834 2197 2900 udaeos
2258 2834 2777 2920 philosophorum
2850 2842 3094 2917 sectae,

709 2942 786 3007 de
833 2941 1065 3025 quibus
1110 2939 1424 3024 Josephus
1471 2942 1626 3005 satis
1671 2941 1929 3005 confuse
1977 2948 2043 3004 et
2084 2940 2379 3024 perplexe
2417 2939 2659 3006 retulit.
2712 2940 2835 3006 Eas
2874 2961 3096 3005 omnes

708 3045 1156 3130 perdidicerat,
1211 3052 1286 3108 ut
1331 3044 1554 3109 scribit
1599 3047 1669 3109 in
1717 3048 1891 3109 vita:
1942 3042 2129 3116 οὕτως
2178 3045 2305 3123 γὰρ
2344 3045 2547 3126 ᾠόμην
2586 3046 2942 3126 αἱρήσεσθαι
2984 3048 3095 3117 τὴν

707 3153 954 3235 duleus,
1025 3152 1073 3215 εἰ
1145 3150 1358 3221 πάσας
1435 3151 1889 3227 καταμάθοιμι.
1982 3148 2273 3216 Sedecim
2338 3172 2535 3217 annos
2596 3158 2783 3217 natus
2846 3150 3091 3236 triplici

707 3256 1044 3341 disciplina
1091 3255 1381 3323 absoluta
1399 3306 1417 3340 ,
1457 3256 1741 3321 nondum
1782 3263 1997 3321 tamen
2040 3256 2402 3340 expleverat
2442 3258 2721 3323 discendi
2762 3258 3051 3323 ardorem
3074 3306 3091 3335 ‚

707 3362 812 3428 sed
882 3362 1212 3439 πυθόμενός
1274 3385 1413 3426 τινα
1481 3367 1710 3427 Βανοῦν
1766 3361 1954 3439 ὄνομα
2012 3364 2183 3427 κατὰ
2245 3364 2355 3435 τὴν
2415 3364 2669 3443 ἐρημίαν
2716 3364 3090 3442 διατρίβειν,

708 3469 914 3542 ἐσθῆτι
957 3470 1068 3542 μὲν
1116 3468 1240 3533 άπὸ
1290 3467 1534 3547 δένδρων
1580 3469 1923 3547 χρώμενον,
1975 3470 2204 3545 τροφὴν
2252 3469 2315 3533 δὲ
2364 3471 2474 3541 τὴν
2518 3470 2893 3542 αὐτομάτως
2942 3478 3101 3550 Φυο-

695 3566 890 3649 ’μένην
951 3573 1470 3653 προσφερόμενον,
1529 3578 1753 3652 ψυχρῷ
1804 3574 1865 3638 δὲ
1915 3570 2093 3639 ὕδατι
2142 3576 2251 3645 τὴν
2301 3574 2533 3655 ἡμέραν
2580 3575 2686 3640 καὶ
2736 3578 2847 3649 τὴν
2893 3578 3095 3641 νύκτα

705 3678 1012 3748 πολλάκις
1060 3681 1379 3755 λουόμενον
1427 3680 1569 3758 πρὸς
1622 3680 1920 3757 άγνείαν,
1970 3680 2245 3760 ζηλωτὴς
2294 3680 2590 3757 ἐγενόμην
2641 3682 2853 3747 αὐτοῦ.
2918 3682 3091 3747 Cum

705 3787 826 3851 hoc
885 3785 1176 3869 homine,
1238 3805 1428 3870 quem
1488 3785 1781 3850 videmus
1838 3784 2151 3850 Essenum
2198 3786 2393 3851 fuisse
2413 3834 2429 3864 ,
2476 3787 2584 3852 sed
2634 3786 2713 3852 de
2758 3790 3091 3853 severiori-

704 3891 853 3966 bus,
908 3910 1058 3955 nam
1107 3898 1288 3955 erant
1332 3890 1502 3975 apud
1551 3910 1654 3955 eos
1701 3890 1815 3956 alii
1864 3889 2009 3955 aliis
2057 3892 2541 3957 abstinentiores
2590 3897 2653 3957 et
2700 3891 2918 3977 plures
2962 3900 3095 3959 sta·

702 4001 958 4061 tuerent
1017 3996 1256 4082 gradus
1315 3998 1696 4061 initiationis
1717 4041 1735 4074 ‚
1796 3993 2112 4080 Josephus
2167 4017 2295 4061 una
2352 3997 2481 4062 fuit
2541 4018 2653 4083 per
2704 4001 3093 4071 triennium,

702 4099 929 4165 deinde
976 4120 1265 4165 reversus
1309 4102 1375 4164 in
1417 4102 1638 4166 urbem
1681 4100 1907 4181 ἤρξατο
1948 4102 2378 4167 πολιτεύεσθαι
2422 4110 2497 4182 τῇ
2541 4106 2887 4180 Φαρισαίων
2930 4104 3096 4183 αἱρέ-

701 4228 796 4269 σει
857 4210 1342 4271 κατακολουθῶν.
1427 4205 1688 4272 Scilicet
1748 4208 1959 4294 magis
2011 4208 2317 4291 probabat
2362 4216 2427 4273 et
2472 4210 2730 4274 amabat
2773 4206 3091 4293 Essenos,

704 4312 814 4395 qui
873 4310 1154 4391 ἄφυκτον
1223 4312 1439 4391 δέλεαρ
1499 4320 1628 4384 τοῖς
1691 4310 1873 4387 ἅπαξ
1935 4313 2339 4391 γευσαμένοις
2408 4324 2517 4388 τῆς
2581 4317 2813 4393 σοφίας
2888 4320 3096 4382 αὐτῶν

704 4416 1030 4494 &amotam
1079 4416 1240 4481 Bell.
1290 4418 1441 4483 Jud.
1491 4418 1554 4482 2.
1605 4418 1668 4482 8.
1726 4419 1843 4495 11,
1894 4418 2004 4484 sed
2050 4419 2311 4486 videbat
2356 4421 2653 4499 meliora,
2698 4424 3091 4508 sequebatur
