3436 5161
1369 384 1773 434 nnuonows.
2684 362 2769 428 33

469 550 768 636 Plerique
815 547 973 615 libri
1038 549 1382 629 ἐπέχοντας
1400 597 1416 628 ,
1483 550 1652 636 quod
1721 550 1965 615 dudum
2021 551 2255 615 merito
2303 550 2627 614 abiectum
2676 554 2773 611 est

381 658 461 723 ab
506 658 823 723 omnibus.
896 657 974 722 In
1019 656 1185 723 libro
1232 655 1539 722 Vaticano
1577 661 1672 721 est
1709 656 1993 741 ἔχοντες,
2040 662 2104 720 et
2146 656 2273 721 duo
2298 654 2545 721 codices
2572 656 2773 717 mino·

379 766 466 829 ris
512 766 824 830 momenti
869 764 958 829 Ps
1005 784 1152 829 cum
1203 764 1300 829 ed.
1349 761 1586 829 Aldina
1632 763 1971 847 exhibent,
2017 761 2185 848 quod
2218 760 2595 826 Eustatbius
2620 779 2779 844 quo·

382 889 503 956 que
561 868 726 956 legit
779 869 859 934 ad
925 869 1041 935 Od.
1100 891 1164 956 p.
1219 866 1392 933 1856
1441 868 1835 950 ἔχοντας,
1891 888 2051 953 quae
2100 868 2291 933 lectio
2336 867 2524 932 hodie
2574 865 2774 952 vulgo

379 981 632 1060 recepta
669 979 784 1040 est.
833 974 1004 1040 Gum
1043 982 1260 1040 tamen
1305 974 1485 1041 nullo
1524 974 1819 1061 exemplo
1861 974 2284 1039 demonstrari
2304 975 2508 1059 possit
2533 969 2775 1037 Graece

379 1079 506 1146 dici
567 1079 737 1162 ἔχειν
799 1082 904 1148 ἔοι-ι’
963 1104 1078 1147 τινι
1142 1083 1428 1145 adversus
1477 1083 1735 1168 abiquem
1786 1083 2031 1145 tendere
2074 1082 2192 1167 (sic
2240 1081 2412 1145 enim
2461 1081 2775 1162 interpre-

380 1191 556 1251 tatur
619 1185 1289 1276 schweighauserus),
1361 1189 1759 1254 variantibus
1827 1189 2202 1273 praesertim
2268 1185 2450 1252 libris
2498 1188 2777 1270 praestat

383 1295 664 1359 conicere
723 1292 1122 1360 Herodotum
1185 1296 1505 1379 scripsisse
1561 1293 1863 1367 δοκέοντές
1912 1318 1982 1359 τε
2033 1292 2131 1357 ἐπὶ
2183 1292 2363 1374 σφίσι
2414 1290 2511 1355 ἐκ
2535 1289 2566 1354 ό
2580 1315 2609 1354 ν
2629 1314 2666 1355 τ
2683 1313 2728 1354 οι
2746 1315 2777 1363 ς

382 1401 523 1473 τοὺς
589 1401 930 1479 Αἰγινήτας
994 1398 1345 1477 δεδωκέναι,
1433 1423 1554 1465 non
1615 1402 1873 1478 invitos,
1941 1400 2051 1465 sed
2114 1400 2191 1464 de
2252 1398 2590 1462 industria.
2676 1396 2779 1461 Ita

384 1505 578 1572 verba
621 1507 700 1579 ὡς
749 1542 832 1555 --
880 1504 1296 1585 expandam
1344 1507 1590 1573 faciunt
1629 1522 2015 1595 epexegema
2058 1504 2371 1571 formulae
2412 1502 2512 1567 ἐπὶ
2558 1504 2739 1584 σφίσι
2759 1549 2777 1580 ,

386 1612 668 1676 mersus
728 1635 791 1677 ee
811 1661 829 1689 ,
890 1613 959 1676 in
1022 1635 1192 1677 suum
1251 1614 1544 1680 damnum.
1617 1613 1792 1679 Mihi
1840 1612 2097 1699 quidem
2145 1610 2311 1677 nihil
2357 1609 2616 1677 videtur
2660 1608 2779 1674 hac

387 1719 770 1785 correctione
819 1718 1202 1785 evidentius.

479 1928 600 1997 VI.
667 1928 754 1997 50
817 1936 976 1997 extr.
1034 1930 1220 2013 εἴρετο
1279 1940 1485 2016 Κρῖον,
1551 1928 1644 1996 ὅτι
1691 1933 1742 1997 οἱ
1790 1931 1880 2008 εἴη
1936 1931 2059 2017 [τὸ]
2100 1928 2331 2009 οὔνομα
2360 1951 2374 1968 ·
2423 1931 2450 1996 ὅ
2497 1930 2559 1996 δὲ
2609 1930 2659 1995 οἱ
2708 1928 2779 1993 τὸ

393 2038 484 2103 ἐὸν
533 2034 798 2119 ἔφρασε.

485 2142 662 2211 Male
714 2146 1034 2230 spernitur
1077 2145 1230 2211 libri
1274 2144 1577 2211 Vaticani
1621 2145 1815 2211 lectio
1860 2141 1951 2209 ὅτι
2000 2145 2051 2209 οἱ
2102 2144 2192 2219 εἵη
2240 2142 2492 2221 οὕνομα.
2558 2140 2777 2207 Oratio

392 2249 630 2315 directa
692 2250 757 2315 τΙ
819 2248 1050 2327 οὔνομά
1111 2273 1200 2315 τοι
1263 2251 1426 2329 Rev-15
1488 2250 1718 2317 Paullo
1782 2257 1929 2317 ante
1976 2252 2336 2335 scripserim
2385 2242 2447 2321 ὃς
2499 2250 2609 2314 οὐκ
2657 2247 2780 2329 ἔφη

397 2356 584 2421 αὐτὸν
630 2356 843 2421 οὐδένα
889 2355 1248 2435 (ἐπάξειν
1293 2358 1596 2438 χαίροντα
1645 2357 2020 2434 Αἰγινητέων
2068 2376 2181 2442 pro
2229 2353 2329 2431 df
2346 2380 2478 2420 ειν.
2544 2354 2618 2421 In
2658 2354 2781 2421 fine

392 2480 542 2528 vero
587 2465 817 2547 capitis
861 2461 926 2527 Ν
928 2463 1154 2528 aberus
1201 2464 1436 2529 iniuria
1475 2463 1645 2529 delet
1693 2463 1883 2535 verba
1916 2464 1993 2535 ὥς
2040 2462 2455 2539 συνοισόμενος
2510 2460 2779 2542 μεγάλῳ

392 2569 559 2648 mx&
580 2614 598 2647 ,
646 2588 807 2653 quae
846 2568 1124 2636 colorem
1164 2568 1404 2635 habent
1445 2572 1542 2636 ita
1586 2567 2027 2635 Herodoteum
2077 2572 2153 2633 ut
2196 2570 2529 2654 interpreti
2576 2568 2779 2635 tribui

390 2693 516 2740 non
560 2693 745 2760 posse
791 2674 1148 2743 videantur.

484 2887 591 2954 VI.
643 2886 724 2954 51
775 2887 1073 2955 Alterum
1121 2887 1513 2969 ὑποδεεςέρης
1559 2889 1777 2955 abesse
1822 2885 2070 2954 malim.

484 3101 589 3167 VI.
620 3101 707 3169 52
747 3102 1268 3180 Λακεδαιμονίους
1315 3101 1382 3167 δὲ
1427 3102 1612 3175 τοὺς
1661 3099 1849 3167 τότε
1898 3100 2183 3173 ἐόντας
2226 3101 2567 3177 βουλεῦσαι
2611 3099 2783 3164 κατὰ

395 3207 573 3287 νόμον
617 3208 898 3285 βασιλέα
944 3214 1061 3273 τῶν
1106 3207 1339 3276 παίδων
1377 3209 1481 3274 τὸν
1519 3208 1933 3290 πρεσβύτερον
1972 3207 2359 3282 ποιήσασθαι.
2410 3205 2618 3273 Verba
2642 3205 2783 3276 τοὺς

391 3313 539 3380 τότε
585 3313 796 3386 ἐόντας
845 3319 980 3380 tam
1026 3313 1295 3381 ridicule
1341 3315 1668 3380 abundant
1715 3315 1823 3400 (de
1868 3315 2101 3400 quibus
2149 3316 2319 3380 enim
2358 3313 2506 3380 aliis
2548 3333 2783 3398 quaeso

392 3419 550 3486 haec
612 3420 741 3486 dici
799 3423 1145 3505 potuerunt
1159 3417 1211 3506 ἲ)
1277 3425 1352 3485 ut
1411 3425 1774 3486 monstrum
1844 3421 1953 3487 hic
2023 3420 2112 3486 ali
2178 3419 2397 3486 nullus
2468 3420 2781 3486 dubitem.

395 3525 680 3593 Delenda
723 3544 850 3591 non
897 3547 1032 3592 esse
1078 3529 1189 3593 vix
1238 3546 1396 3612 opus
1443 3532 1539 3593 est
1587 3527 1794 3594 dicere
1813 3577 1832 3610 ,
1881 3527 2024 3613 quis
2071 3527 2239 3594 enim
2295 3526 2425 3592 tale
2469 3527 2625 3611 quid
2670 3526 2783 3592 ad-

395 3635 749 3719 scripturus
795 3629 972 3698 erat?
1037 3632 1206 3712 Quid
1251 3640 1468 3700 autem
1518 3634 1763 3700 dederit
1810 3633 1899 3700 Η.
1950 3635 2173 3722 colligi
2222 3636 2350 3700 fere
2388 3634 2539 3699 inde
2574 3637 2785 3720 potest

396 3738 566 3827 quod
627 3759 752 3806 non
815 3739 894 3804 de
953 3738 1470 3806 Lacedaemoniis
1518 3741 1582 3805 in
1630 3761 1862 3828 genere
1908 3741 2065 3806 haec
2115 3741 2242 3805 dici
2294 3745 2634 3826 potuerunt
2675 3739 2786 3805 sed

397 3847 476 3913 de
530 3844 681 3914 solis
742 3847 1010 3932 ephoris.
1101 3845 1247 3912 Nisi
1307 3849 1512 3933 igitur
1573 3849 1791 3912 omnia
1837 3867 1941 3912 me
1988 3846 2223 3912 fallunt
2270 3851 2582 3933 scriptum
2630 3846 2783 3914 reli-

399 3958 622 4039 querat
677 3953 817 4025 τοὺς
874 3951 1018 4018 τότε
1080 3954 1204 4034 <iv
1267 3951 1501 4037 τέλεϊ>
1561 3953 1773 4026 ἐόντας
1838 3953 2179 4030 βουλεῦσαι
2244 3955 2411 4038 ml„
2475 3955 2542 4018 in
2589 3974 2785 4039 quam

399 4059 822 4144 suspicionem
859 4060 994 4124 iam
1041 4064 1186 4124 ante
1231 4078 1336 4125 me
1382 4057 1704 4124 Steinium
1752 4058 1859 4124 cll.
1914 4057 2007 4124 111
2057 4057 2143 4124 18
2193 4065 2258 4124 et
2306 4057 2401 4126 IX
2456 4057 2585 4124 106
2626 4061 2785 4126 inci-

401 4161 568 4230 disse
612 4183 782 4229 nunc
825 4163 1036 4230 laetus
1083 4165 1542 4232 animadverto.

492 4265 616 4334 Sed
676 4273 875 4336 etiam
935 4271 1004 4334 in
1061 4271 1220 4355 ipsis
1282 4272 1690 4355 sequentibus
1755 4271 2089 4338 turbatum
2154 4293 2289 4338 esse
2334 4271 2542 4338 video.
2612 4272 2785 4348 Quid

403 4375 577 4440 enim
637 4374 762 4441 sibi
820 4374 1048 4442 volunt
1109 4378 1303 4443 verba
1364 4376 1398 4452 ἢ
1465 4374 1571 4442 καὶ
1633 4377 1745 4457 πρὸ
1807 4377 2024 4444 τούτου
2090 4380 2159 4444 in
2218 4377 2355 4443 his:
2418 4379 2525 4445 οὐκ
2588 4377 2664 4445 ὦν
2712 4380 2783 4457 δή

401 4485 608 4566 σφεας
673 4477 840 4561 ἔχειν
887 4481 1155 4564 ὁκότερον
1205 4479 1464 4548 ἕλωνται
1513 4479 1671 4549 ὥστε
1720 4483 1825 4550 καὶ
1876 4483 2175 4562 ὁμοίων
2224 4483 2363 4550 καὶ
2413 4483 2599 4551 ἴσων
2646 4493 2784 4566 (ex-

2462 4605 2497 4654 a
