3436 5161
1218 368 1493 445 mnus
1534 389 1874 441 sosimus.
2604 370 2736 440 397

364 556 470 623 10.
520 552 595 621 53
658 562 787 627 τοῖς
831 552 1112 635 ἄντικρυς
1159 551 1387 635 ἕρκεσιν
1434 556 1667 639 ὦμφη
1686 580 1734 635 γ
1752 554 1990 633 νυμέν
2010 578 2119 634 ον,
2163 552 2393 621 malim
2437 556 2480 619 οξ
2497 560 2654 637 μφι
2673 580 2738 638 ρ-

358 687 389 745 ρ
406 688 441 740 η
458 688 503 742 γ
524 688 553 729 ν
573 661 607 727 ὖ
624 687 674 743 μ
694 687 723 728 ε
740 687 770 726 ν
786 685 815 728 ο
831 686 861 725 ν
877 710 895 741 ,
941 682 1135 748 quam
1179 661 1247 728 id
1292 662 1463 749 quod
1504 660 1798 730 Bekkero
1840 661 2086 749 placuit
2127 660 2642 745 ἀμφαγνυμένον.

450 845 727 912 offendit
772 845 847 911 B.
896 844 959 912 J.
1008 845 1071 911 5-
1116 844 1179 910 2.
1231 845 1304 911 4:
1372 846 1622 923 μα’λιςα
1686 846 1752 911 δὲ
1797 846 1938 919 τοὺς
1987 845 2049 911 ἐν
2096 844 2210 911 ἔθει
2257 844 2604 923 συντάξεως
2652 843 2741 913 όν-

357 977 477 1025 τας
540 953 645 1019 καὶ
709 953 881 1029 μετὰ
944 950 1177 1028 κόσμου
1239 952 1345 1019 καὶ
1410 952 1962 1035 παραγγέλματος
2027 961 2323 1032 πολεμεῖν
2367 952 2694 1029 εἰδότας
2719 1002 2738 1033 ,

358 1059 597 1137 &razda
643 1058 955 1140 φθάσασα
1000 1059 1267 1145 θορυβεῖ,
1320 1062 1389 1125 in
1435 1060 1553 1126 tali
1600 1062 1915 1127 sententia
1961 1062 2358 1147 scripsissem
2404 1060 2737 1147 equidem:

361 1166 585 1233 εἶωθό
601 1190 771 1239 τας.
816 1166 891 1232 Β.
917 1166 974 1233 J.
1022 1166 1083 1234 5.
1129 1168 1191 1233 4.
1236 1165 1315 1231 2:
1366 1167 1465 1231 ἐπ’
1512 1169 1622 1249 οῦκ
1667 1168 1878 1247 ὀλίγον
1925 1168 2214 1249 προῆλθον
2262 1169 2396 1235 καὶ
2448 1168 2742 1249 τέταρτον

360 1274 797 1354 περιοικηθῆναι
864 1272 1091 1353 λόφον,
1154 1272 1299 1363 lege
1358 1278 1401 1339 ὦ
1421 1300 1451 1348 ς
1475 1324 1491 1353 ,
1556 1274 1874 1361 quomodo
1937 1296 2120 1361 saepe
2181 1275 2376 1341 errari
2438 1274 2740 1341 vidimus.

360 1380 505 1447 Non
564 1382 781 1447 minus
840 1380 1027 1447 facile
1087 1386 1183 1446 est
1236 1380 1311 1446 B.
1359 1380 1419 1446 J.
1470 1380 1531 1446 5.
1582 1379 1647 1447 5.
1702 1381 1780 1448 1:
1826 1385 1935 1446 τοῦ
1981 1381 2046 1446 δὲ
2091 1379 2405 1460 βασιλέως
2457 1386 2744 1459 Σολομῶ-

361 1509 453 1561 νος
505 1524 587 1537 -—-
636 1487 706 1552 τὸ
768 1490 913 1552 κατ’
974 1487 1290 1559 α’νατολοὶς
1352 1486 1527 1567 μέρος
1592 1488 2099 1570 ἐκτειχίσαντος,
2149 1484 2224 1554 εἶ
2233 1488 2291 1551 τ’
2339 1486 2573 1561 ἐτέθη
2620 1485 2744 1566 μία

363 1594 479 1666 ςοοὶ
522 1596 608 1675 τῷ
653 1599 948 1675 χώματι,
1011 1616 1161 1661 nam
1220 1596 1316 1661 ibi
1363 1616 1591 1662 verum
1638 1601 1735 1662 ost
1784 1594 2146 1669 ἐπετέθη.
2204 1594 2278 1661 Β.
2327 1593 2385 1660 J.
2438 1590 2501 1659 5.
2553 1590 2612 1660 ’7.
2664 1592 2742 1659 33

363 1702 498 1767 καὶ
560 1702 674 1779 μὲν
738 1702 857 1775 τὰς
924 1702 1299 1781 συμπλοκὰς
1364 1702 1660 1781 ἡττῶντο,
1721 1700 1902 1791 lege:
1969 1698 2188 1768 κατά
2229 1706 2295 1767 et
2337 1702 2408 1765 iu
2453 1702 2536 1767 iis
2581 1720 2744 1786 quae

363 1808 662 1875 continuo
706 1814 1091 1895 sequuntur:
1140 1816 1363 1887 προσῆν
1400 1808 1451 1875 δ’
1490 1810 1669 1882 ἐλπὶς
1712 1807 1804 1874 ἔτι
1844 1808 2176 1892 σωτηρίας,
2219 1804 2253 1882 ἣ
2291 1808 2395 1873 καὶ
2422 1807 2743 1887 Ῥωμαίοις

362 1919 468 1981 τοῦ
519 1914 765 1997 ταχέως
814 1916 1177 2002 κρατήσειν,
1223 1916 1508 2004 corrigo:
1555 1918 1659 1991 ὥς·
1699 1915 1806 1982 καὶ
1857 1922 1946 1983 Ῥ.

450 2096 526 2165 Β.
572 2097 629 2164 J.
684 2094 748 2165 5.
796 2097 858 2163 9.
910 2096 952 2163 3
1013 2096 1326 2185 Josephus
1388 2100 1571 2164 iussu
1633 2098 2039 2185 imperatoris
2099 2116 2318 2163 muros
2363 2098 2746 2165 circumiens

360 2206 549 2271 iussit
596 2205 847 2271 civibus
890 2226 1145 2291 parcere
1182 2210 1247 2271 et
1286 2206 1409 2271 sibi
1450 2210 1515 2272 et
1551 2194 1796 2291 patriae
1821 2225 2024 2291 neque
2045 2202 2332 2284 γενέσθαι
2360 2203 2508 2284 πρὸς
2531 2206 2744 2271 ταῦτα

360 2314 477 2376 τῶν
525 2312 906 2395 ἀλλοφύλων
953 2312 1545 2391 ὥπαθεςέρους,
1593 2313 1708 2378 ubi
1751 2310 2116 2399 intelligam
2166 2308 2738 2391 ἄπηνεςέρους.

362 2417 599 2488 Contra
640 2425 809 2485 recte
853 2418 1095 2507 legitur
1137 2418 1209 2484 B.
1236 2418 1303 2483 J.
1330 2418 1393 2483 5.
1421 2417 1485 2485 9.
1510 2419 1586 2484 4:
1634 2416 1936 2497 ἄτεγκτοι
1981 2418 2086 2484 καὶ
2134 2418 2308 2483 λίθων
2357 2414 2742 2497 &racis-spot.

363 2521 581 2592 Credit
626 2524 939 2612 Josephus
985 2526 1155 2592 κατοὶ
1205 2524 1363 2598 ἔθνος
1409 2526 1513 2591 τὸν
1558 2524 1685 2592 θεὸν
1733 2523 2198 2607 ἐμπεριάγοντα
2244 2523 2354 2600 τὴν
2400 2523 2604 2605 ἀρχὴν
2644 2525 2745 2589 νῦν

363 2632 465 2698 ἐπὶ
515 2639 625 2706 τῆς
675 2632 959 2706 Ἰταλίας
1006 2627 1261 2710 εἶναι,
1312 2633 1427 2697 ubi
1474 2652 1699 2699 vorum
1749 2637 1846 2700 est
1891 2639 1986 2709 ςῆ
2003 2654 2166 2712 ναι,
2215 2633 2419 2697 sicute
2453 2634 2626 2698 reete
2655 2627 2746 2696 lo-

364 2740 545 2827 gitur
588 2738 663 2804 B.
707 2740 772 2805 J.
823 2739 887 2804 5.
934 2737 999 2804 9.
1047 2738 1123 2805 4:
1193 2737 1399 2816 ἔγωγε
1458 2735 1847 2822 πεφευγέναι
1895 2737 2010 2817 μὲν
2055 2738 2123 2804 ἐκ
2167 2743 2284 2804 τῶν
2331 2735 2530 2816 ἁγίων
2569 2731 2743 2815 οἶμαι

366 2846 469 2912 τὸν
514 2845 677 2923 θεόν,
730 2845 945 2915 ἐσιέναι
994 2847 1055 2912 δὲ
1105 2848 1250 2925 παρ’
1298 2839 1381 2918 οἷς
1429 2851 1768 2925 πολεμεῖτε
1802 2847 1924 2910 νῦν.
1971 2845 2046 2910 Iu
2069 2845 2290 2912 eadem
2314 2844 2744 2933 paragraphoz

365 2958 475 3030 τήν
536 2979 607 3020 τε
665 2955 931 3033 Σιλωὰμ
978 2954 1385 3020 ἐπιλιποῦσαν
1432 2951 1526 3022 ἴτε
1575 2951 1679 3017 καὶ
1728 2953 1847 3026 τὰς
1895 2950 2010 3028 ἔξω
2057 2955 2164 3018 τοῦ
2211 2949 2392 3026 ἄςεος
2441 2949 2746 3038 ἁπάσας,

368 3059 485 3131 ciis-s
533 3061 677 3143 πρὸς
724 3063 1031 3142 ἀμφορεῖς
1080 3061 1461 3126 ὠνεῖσθαι
1510 3059 1578 3124 τὸ
1628 3058 1812 3142 ὕδωρ,
1858 3065 2140 3146 praestat
2183 3079 2334 3128 sano
2379 3058 2742 3144 ὠνεῖσθε,

364 3170 476 3238 sed
519 3169 667 3237 vide
714 3189 906 3258 supra
950 3167 1030 3235 ad
1076 3169 1296 3254 Antiq.
1348 3162 1454 3233 18.
1501 3167 1565 3232 4.
1616 3165 1679 3234 3.

454 3355 526 3422 B.
554 3353 613 3421 J.
659 3353 721 3420 5.
768 3351 940 3419 11.2
986 3349 1328 3440 legendum
1380 3356 1477 3417 est
1521 3349 2024 3432 ἐργάσεσθαι
2067 3371 2194 3417 non
2239 3345 2743 3430 ἐργάσασθαι.

368 3463 441 3529 B.
463 3463 531 3528 J.
571 3463 631 3526 5.
674 3459 779 3526 12.
808 3461 883 3524 13
932 3457 1119 3538 μέχρι
1168 3457 1283 3537 μὲν
1327 3459 1453 3539 γὰρ
1496 3461 1602 3532 ,νῦν
1649 3455 2236 3535 κατάσπασμα
2281 3456 2591 3532 Ἰουδαίοις
2629 3463 2742 3532 τῆς

366 3571 623 3656 τρατιοῖς
672 3565 1195 3649 συμπεπλέχθαι,
1246 3563 1421 3652 lege:
1478 3563 2027 3644 ἀπόσπασμα.
2075 3561 2149 3630 B.
2174 3561 2238 3630 J.
2282 3559 2340 3628 5.
2385 3561 2491 3629 13.
2521 3562 2590 3630 lt
2632 3568 2746 3645 φο·

366 3679 649 3742 νευθεῒσιν
697 3672 1252 3752 ἐναπεσφοίγη
1300 3679 1421 3744 τοῖς
1474 3673 1727 3750 παισίν,
1767 3669 1912 3760 lege
1949 3669 2546 3750 ἐπαπεσφαγη.
2575 3669 2652 3736 Β.
2675 3667 2742 3737 J.

368 3785 427 3850 5.
460 3783 563 3850 13.
592 3782 665 3850 23
712 3781 852 3854 τοὺς
899 3780 1145 3855 λοιποὺς
1193 3785 1311 3844 τῶν
1358 3778 1880 3857 ὑποτεταγμένων
1927 3775 2196 3845 ἄλλων
2241 3776 2575 3857 ἀλλαχόσε
2620 3774 2742 3843 3ιέ-

364 3914 647 3970 πεμπεν,
696 3887 876 3977 lege:
926 3887 1197 3953 ἄλλον.
1244 3885 1319 3951 Β.
1362 3885 1427 3952 J.
1472 3887 1529 3952 5.
1574 3883 1750 3952 13.5
1797 3906 1910 3972 pro
1958 3885 2550 3966 ἐρευνήσαντας
2597 3883 2744 3972 lege

366 3998 912 4082 ἐρευνήσαντα
932 4019 961 4067 ς
1010 3999 1074 4060 et
1118 3994 1233 4060 ubi
1267 3991 1501 4060 talium
1544 3991 2050 4080 corruptelarum
2098 3991 2290 4060 finem
2332 3987 2698 4059 inveniam?

453 4195 599 4264 Non
656 4197 889 4280 poterit
948 4193 1211 4260 fortasse
1273 4213 1543 4279 usquam
1600 4191 1946 4259 dilucidius
1991 4212 2289 4279 apparere
2335 4211 2530 4278 quam
2575 4189 2744 4258 nihil

365 4305 606 4391 cogitet
649 4299 965 4386 «Iosephus
1010 4301 1164 4387 quid
1213 4301 1447 4366 scribat
1493 4319 1683 4387 quam
1730 4321 1809 4367 ex
1854 4297 2189 4366 collatione
2226 4297 2512 4365 locorum
2529 4345 2548 4378 ,
2586 4317 2744 4385 quos

370 4429 538 4476 nunc
600 4409 911 4474 indicabo.
983 4408 1058 4473 In
1120 4407 1369 4475 obsessa
1430 4406 1587 4474 urbe
1646 4407 1861 4473 omnia
1905 4407 2124 4473 insano
2170 4407 2375 4493 pretio
2423 4405 2740 4472 venibant.

366 4515 570 4584 Credo
612 4516 681 4581 id
728 4520 793 4582 et
839 4513 999 4581 dabo
1044 4516 1427 4582 testimonia.
1476 4512 1639 4581 Bell.
1681 4513 1748 4581 J.
1791 4513 1854 4580 5.
1901 4511 2006 4580 10.
2045 4512 2119 4580 23
2169 4512 2385 4579 πολλοὶ
2433 4511 2497 4578 δε
2541 4509 2740 4595 λάθρα
