3436 5161
1391 378 1477 425 An
1523 378 1870 427 humei-mu.
2735 360 2822 427 85

438 539 669 621 κόμην,
710 544 793 606 τὼ
832 552 1003 622 χεῖρε
1050 542 1250 607 τύλων
1289 543 1617 613 άναπλέως
1658 567 1714 606 κ.
1741 567 1799 606 τ.
1825 558 1888 607 λ.
1937 542 2292 609 Delendum
2335 550 2430 608 est
2469 542 2633 608 illud
2659 542 2818 607 καί.

438 649 841 728 ἐργατικὴ
904 650 1039 714 καί
1104 650 1435 738 ἀνδρική
1494 649 1575 716 ad
1636 654 1846 715 totum
1899 652 2178 735 eorporis
2223 650 2519 715 habitum
2567 655 2632 714 et
2677 669 2820 735 spe-

437 757 597 819 ciem
666 758 1027 820 universam
1085 756 1437 840 pertinent;
1501 755 1650 820 inde
1713 756 2008 841 deinceps
2068 753 2359 843 singula,
2428 776 2588 840 quae
2657 756 2820 821 hanc

440 862 712 945 speciem
764 860 1083 935 efficiunt.
1134 881 1245 946 per
1292 861 1641 947 asyndeton
1690 867 2164 927 enumerantur.

532 1070 685 1157 Gap.
736 1071 798 1137 9.
847 1074 957 1144 τὴν
996 1073 1107 1149 μὲν
1147 1072 1375 1152 τέχνην
1414 1071 1691 1144 ἅπαντες
1736 1071 2161 1138 ἐπαινέσονται
2183 1120 2198 1149 ,
2239 1076 2346 1139 οὐκ
2388 1070 2519 1137 ἔστι
2561 1072 2625 1139 δὲ
2665 1068 2825 1146 ὅςτις

442 1184 559 1243 τῶν
607 1178 973 1257 ἰδόντων,
1023 1181 1073 1246 εἰ
1121 1183 1250 1245 νοῦν
1300 1178 1465 1260 ἔχοι,
1520 1178 1760 1255 εὔξαιτ’
1811 1179 1888 1245 ἂν
1935 1176 2132 1256 ὅμοιός
2182 1202 2272 1244 σοι
2320 1177 2652 1256 γενέσθαι·
2710 1174 2824 1251 οἶος

444 1284 571 1363 γὰρ
614 1284 691 1349 ἂν
734 1282 835 1363 ἧς,
879 1285 1195 1362 βάναυσος
1244 1286 1348 1349 καί
1397 1284 1701 1365 χειρῶναξ
1752 1286 1856 1350 καὶ
1900 1284 2418 1365 ἀποχειροβίωτος
2469 1284 2536 1369 (1.
2589 1285 2825 1372 βίοτος)

442 1393 807 1466 νομισθήσει.
893 1390 1090 1456 Recte
1150 1394 1579 1478 cogitantibus
1636 1392 2001 1478 displicebit
2063 1391 2224 1456 illud
2297 1390 2556 1456 ἰδόντων.
2660 1389 2828 1465 Quid

446 1500 619 1563 enim
678 1497 755 1562 ed
812 1497 973 1562 hanc
1036 1497 1114 1562 de
1161 1498 1590 1583 sculptoribus
1637 1501 1996 1582 opinionem
2045 1498 2248 1563 facere
2295 1497 2645 1581 putendum
2697 1503 2827 1574 est,

442 1608 663 1667 utrum
728 1604 872 1687 quis
934 1623 1153 1668 eorum
1216 1624 1403 1689 opera
1464 1606 1856 1688 conspexerit
1917 1600 2154 1668 necne?
2226 1603 2565 1687 Arttficium
2613 1606 2820 1686 ipsum

442 1709 869 1773 contemnitur
920 1709 999 1771 ab
1048 1710 1155 1785 iis,
1222 1712 1329 1793 qui
1393 1708 1639 1773 nullam
1708 1715 1909 1774 artem
1977 1709 2138 1774 lucri
2189 1706 2377 1774 causa
2421 1730 2489 1774 se
2547 1728 2831 1776 exercere

444 1813 819 1901 gloriantur.
924 1813 1319 1899 Quapropter
1401 1814 1830 1899 reponendum
1920 1815 2218 1879 arbitror:
2289 1820 2405 1878 τῶν
2475 1814 2830 1879 ἰδιωτῶν.

444 1918 831 2005 Saepissime
878 1920 1111 1991 ἰδιῶται
1160 1932 1563 2005 opponuntur
1609 1919 1942 2005 opificibus
1981 1927 2046 1985 et
2092 1922 2492 2000 δημιουργοῖς.
2538 1918 2633 1985 cf.
2665 1919 2832 1985 Plat.

444 2023 735 2113 Theages
788 2024 919 2090 124
968 2023 1054 2092 G:
1105 2034 1221 2091 τῶν
1267 2052 1335 2091 τε
1382 2028 1880 2104 δημιουργῶν
1921 2026 2023 2090 καὶ
2067 2027 2408 2093 ἰδιωτῶν
2449 2032 2516 2091 et
2553 2026 2832 2113 Sophist.

446 2128 574 2195 221
643 2130 731 2197 O:
799 2130 1043 2211 πότερον
1108 2132 1341 2206 ἰδιώτην
1406 2132 1439 2207 ἥ
1488 2156 1675 2198 τινα
1723 2133 2028 2211 τέχνην
2076 2130 2382 2211 ἔχοντα
2431 2132 2628 2196 θετέον
2679 2126 2832 2197 εἶναι

444 2238 547 2302 τὸν
586 2238 1019 2311 άσπαλιευτιὶν
1061 2244 1159 2314 et,
1198 2241 1311 2323 qui
1349 2236 1525 2304 locus
1560 2238 1882 2323 imprimis
1923 2238 2048 2303 huc
2074 2238 2264 2315 facit,
2291 2237 2553 2326 Proteg.
2581 2236 2713 2303 312
2742 2236 2832 2304 B:

444 2342 671 2409 τούτων
712 2344 837 2421 γὰρ
880 2334 1294 2416 ἑκάστηνούκ
1335 2344 1463 2408 ἐπὶ
1506 2344 1590 2409 τέ
1608 2370 1758 2425 xvv
1799 2344 2057 2420 ἔμαθες,
2103 2346 2180 2414 ὥς
2217 2345 2580 2423 δημιουργὸς
2623 2344 2834 2420 ἐσόμε-

445 2473 577 2535 νος,
627 2451 779 2515 ἀλλ’
827 2451 927 2514 ἐπὶ
977 2450 1265 2535 παιδείᾳ,
1313 2453 1388 2523 ὥς
1439 2452 1540 2515 τὸν
1593 2451 1920 2526 ἰδιώτην
1970 2449 2074 2515 καὶ
2124 2450 2425 2531 ἐλεύθερον
2474 2450 2709 2531 πρέπει.

538 2661 693 2749 Cap.
738 2663 842 2728 12.
894 2663 921 2727 ὂ
969 2662 1031 2729 δὲ
1084 2664 1413 2743 Σωκράτης
1463 2665 1567 2728 κα)
1616 2664 1804 2736 αὐτὸς
1858 2663 1972 2728 ὑπὸ
2019 2673 2097 2744 τῇ
2124 2665 2601 2743 Ἑρμογλυφικῇ·
2627 2661 2832 2743 ταύτῃ

444 2769 744 2848 τραφείς,
808 2769 1012 2843 ἐπειδὴ
1076 2770 1367 2850 τάχιστα
1426 2777 1647 2843 συνῆκε
1708 2775 1815 2836 τοῦ
1873 2770 2202 2850 κρείττονος
2252 2775 2354 2833 καὶ
2405 2768 2828 2849 δραπετεύσας

446 2876 595 2954 παρ’
662 2877 855 2950 αὐτῆς
918 2877 1335 2952 ηὐτομόλησεν
1376 2880 1450 2948 ὦς
1495 2877 1639 2954 ἐμέ,
1689 2878 1929 2948 άκούεις
1969 2879 2043 2948 ῶς
2088 2877 2261 2954 παρὰ
2303 2875 2550 2940 πάντων
2591 2875 2832 2959 ᾄδεται.

444 2979 797 3046 Mirificum
861 2983 981 3047 hoo
1046 2988 1173 3048 est:
1238 2984 1465 3057 Audis,
1531 2994 1892 3068 quantopere
1952 2984 2216 3047 Socrate-3
2287 2981 2512 3067 (nunc,
2564 2980 2830 3046 Luciani

444 3091 757 3170 tempore)
821 3089 893 3151 ab
954 3089 1219 3152 omnibus
1281 3077 1635 3164 celebretur,
1688 3090 1872 3152 timul
1914 3097 2091 3172 atque
2135 3088 2446 3152 Statuaria
2493 3089 2706 3153 relicta
2753 3088 2836 3150 ad

444 3191 860 3257 Eruditionem
922 3194 1341 3279 transfuyerib.
1433 3193 1647 3260 Facile
1706 3195 1997 3258 evincam
2063 3193 2406 3281 legendum
2473 3215 2644 3258 esse:
2695 3193 2721 3257 ὅ
2769 3193 2832 3257 δὲ

448 3300 779 3376 Σωκράτης
845 3295 925 3371 ὃς
994 3291 1098 3364 καί
1148 3300 1333 3370 αὐτὸς
1384 3300 1435 3364 ὑ.
1460 3323 1519 3363 τ.
1549 3306 1642 3363 'E.
1670 3323 1728 3363 τ.
1757 3321 1814 3361 τ.
1867 3299 2072 3373 ἐπειδὴ
2121 3297 2408 3380 τάχιστα
2458 3307 2676 3370 συνῆκε
2727 3303 2832 3362 τοῦ

447 3405 775 3483 κρείττονος
848 3405 1007 3492 [καί]
1077 3403 1505 3482 δραπετεύσας
1568 3428 1625 3468 κ.
1654 3429 1714 3468 τ.
1742 3421 1780 3468 λ
1893 3403 2100 3470 Nemo
2147 3425 2270 3469 non
2323 3405 2496 3470 videt
2541 3403 2838 3488 copulam

444 3510 656 3576 multo
718 3511 952 3576 melius
1016 3511 1250 3576 abesse.
1337 3507 1435 3576 Of.
1498 3513 1691 3575 etiam
1758 3507 1935 3575 locus
2001 3509 2376 3575 simillimus
2441 3513 2506 3574 in
2564 3510 2840 3597 Nigrino

445 3637 582 3702 cap.
630 3615 753 3681 28:
806 3615 913 3680 ἕνα
964 3617 1065 3681 καὶ
1116 3617 1301 3688 αὐτὸς
1352 3611 1506 3681 εἶδον
1554 3612 1615 3687 ὃς
1658 3615 1762 3679 καί
1804 3613 1955 3701 (del.
1999 3637 2147 3680 cum
2189 3615 2565 3700 Fritzschio)
2607 3614 2842 3692 γευσά-

447 3746 625 3800 μενος
672 3727 791 3787 τῶν
841 3724 983 3802 παρ’
1036 3722 1277 3796 ἐκείνοις
1336 3727 1571 3796 κακῶν,
1620 3720 1902 3796 ἐπειδὴ
1943 3719 2324 3802 τάχιστα
2364 3721 2564 3797 λέγων
2603 3721 2842 3793 άληθῶν

447 3829 797 3906 ἐπήκουσεν,
846 3828 1320 3906 άμεταστρεπτὶ
1362 3827 1615 3906 Φεύγων
1656 3829 1732 3920 ῶς
1775 3827 1962 3891 αὑτὸν
2002 3827 2159 3907 άφί
2177 3849 2360 3891 κετο
2394 3825 2461 3910 (l.
2502 3826 2844 3911 άφῒκτο)

446 3935 551 3999 καὶ
599 3935 777 4010 δῆλος
829 3929 897 4008 ἦν
944 3937 1085 4018 ῥᾷον
1137 3933 1291 4021 (ἤδη
1340 3934 1570 4020 insere)
1620 3933 2161 4010 διακείμενος.

535 4143 685 4232 Cep.
768 4145 874 4212 13.
944 4146 1068 4212 Pro
1130 4155 1361 4226 σχῆμα
1424 4145 1724 4226 εὐπρεπές
1791 4145 2014 4212 malim
2065 4145 2195 4211 fere
2253 4151 2485 4224 σχῆμα
2541 4143 2841 4223 ἐκπρεπές

444 4261 735 4338 respectu
798 4251 1019 4319 habito
1066 4274 1285 4318 eorum
1337 4273 1495 4338 quae
1543 4251 1850 4340 leguntur
1896 4253 1963 4316 in
2011 4271 2147 4336 cap.
2200 4251 2315 4315 11:
2359 4249 2587 4323 ἐσθῆτα
2633 4247 2838 4314 τοιαύ·

448 4381 556 4432 την
623 4355 1467 4438 ἀμπεχόμενος-δείξασα
1530 4361 1640 4434 την
1704 4359 1972 4432 ἑαυτῆς·
2036 4355 2246 4420 πάνυ
2317 4356 2381 4421 δὲ
2445 4354 2846 4435 λαμπράν

447 4461 671 4546 ἐφόρει.
760 4463 971 4531 Multo
1031 4467 1265 4530 certius
1325 4466 1519 4530 etiam
1585 4467 1652 4529 in
1717 4463 2064 4530 Amol-ibus
2143 4482 2280 4548 cap.
2365 4459 2450 4525 16
2533 4460 2845 4540 ἐκπρεπὲς
