<?xml version="1.0" encoding="UTF-8"?>
<!DOCTYPE html PUBLIC "-//W3C//DTD XHTML 1.0 Transitional//EN"
    "http://www.w3.org/TR/xhtml1/DTD/xhtml1-transitional.dtd">
<html xmlns="http://www.w3.org/1999/xhtml" xml:lang="en" lang="en">
 <head>
  <title>
</title>
<meta http-equiv="Content-Type" content="text/html;charset=utf-8" />
  <meta name='ocr-system' content='tesseract 3.04.00' />
  <meta name='ocr-capabilities' content='ocr_page ocr_carea ocr_par ocr_line ocrx_word'/>
</head>
<body>
  <div class='ocr_page' id='page_1' title='image "./mnemosynevolume00verdgoog_0043.png"; bbox 0 0 3436 5161; ppageno 0'>
   <div class='ocr_carea' id='block_1_1' title="bbox 1415 360 2934 431">
    <p class='ocr_par' dir='ltr' id='par_1_1' title="bbox 1415 360 2934 431">
     <span class='ocr_line' id='line_1_1' title="bbox 1415 360 2934 431; baseline -0.004 -2"><span class='ocrx_word' id='word_1_1' title='bbox 1415 380 1817 431; x_wconf 64' lang='lat' dir='ltr'><strong>nunonem-ue.</strong></span> <span class='ocrx_word' id='word_1_2' title='bbox 2722 360 2809 424; x_wconf 76' lang='lat'><strong>35</strong></span> <span class='ocrx_word' id='word_1_3' title='bbox 2930 402 2934 407; x_wconf 93' lang='lat'>-</span> 
     </span>
    </p>
   </div>
   <div class='ocr_carea' id='block_1_2' title="bbox 431 544 2910 3506">
    <p class='ocr_par' dir='ltr' id='par_1_2' title="bbox 431 544 2910 1277">
     <span class='ocr_line' id='line_1_2' title="bbox 431 544 2814 630; baseline 0 -15"><span class='ocrx_word' id='word_1_4' title='bbox 431 548 767 628; x_wconf 67' lang='grc' dir='ltr'><strong><em>ἐλευθέρους</em></strong></span> <span class='ocrx_word' id='word_1_5' title='bbox 829 548 932 615; x_wconf 74' lang='grc' dir='ltr'><strong>δύο</strong></span> <span class='ocrx_word' id='word_1_6' title='bbox 997 551 1747 627; x_wconf 71' lang='grc' dir='ltr'><strong>καταμιαίνεσθαι,</strong></span> <span class='ocrx_word' id='word_1_7' title='bbox 1794 550 1999 630; x_wconf 73' lang='grc' dir='ltr'><strong><em>,ἄνδρα</em></strong></span> <span class='ocrx_word' id='word_1_8' title='bbox 2061 573 2132 614; x_wconf 86' lang='grc' dir='ltr'><strong>τε</strong></span> <span class='ocrx_word' id='word_1_9' title='bbox 2194 548 2298 613; x_wconf 72' lang='grc' dir='ltr'><strong>καὶ</strong></span> <span class='ocrx_word' id='word_1_10' title='bbox 2366 552 2678 624; x_wconf 74' lang='grc' dir='ltr'><strong><em>γυναῖκα.</em></strong></span> <span class='ocrx_word' id='word_1_11' title='bbox 2725 544 2814 622; x_wconf 60' lang='grc' dir='ltr'><strong>μὴ</strong></span> 
     </span>
     <span class='ocr_line' id='line_1_3' title="bbox 431 652 2813 735; baseline -0.004 -11"><span class='ocrx_word' id='word_1_12' title='bbox 431 660 720 734; x_wconf 73' lang='grc' dir='ltr'><strong><em>ποιήσασι</em></strong></span> <span class='ocrx_word' id='word_1_13' title='bbox 785 656 847 723; x_wconf 70' lang='grc' dir='ltr'><strong>δὲ</strong></span> <span class='ocrx_word' id='word_1_14' title='bbox 916 662 1094 721; x_wconf 82' lang='grc' dir='ltr'><strong><em>τοῦτο</em></strong></span> <span class='ocrx_word' id='word_1_15' title='bbox 1157 654 1372 735; x_wconf 75' lang='grc' dir='ltr'><strong><em>ζημίαι</em></strong></span> <span class='ocrx_word' id='word_1_16' title='bbox 1434 656 1726 735; x_wconf 73' lang='grc' dir='ltr'><strong><em>μεγάλαι</em></strong></span> <span class='ocrx_word' id='word_1_17' title='bbox 1784 656 2132 723; x_wconf 73' lang='grc' dir='ltr'><strong><em>ἐπικέαται.</em></strong></span> <span class='ocrx_word' id='word_1_18' title='bbox 2221 652 2627 733; x_wconf 85' lang='lat' dir='ltr'><strong>„Absurdum</strong></span> <span class='ocrx_word' id='word_1_19' title='bbox 2678 655 2813 735; x_wconf 85' lang='lat' dir='ltr'><strong>est,</strong></span> 
     </span>
     <span class='ocr_line' id='line_1_4' title="bbox 432 758 2815 843; baseline -0.004 -12"><span class='ocrx_word' id='word_1_20' title='bbox 432 766 524 831; x_wconf 82' lang='lat' dir='ltr'><strong>ait</strong></span> <span class='ocrx_word' id='word_1_21' title='bbox 582 762 858 831; x_wconf 81' lang='lat' dir='ltr'><strong>Cobetus</strong></span> <span class='ocrx_word' id='word_1_22' title='bbox 917 760 1072 828; x_wconf 65' lang='lat' dir='ltr'><strong>Ver.</strong></span> <span class='ocrx_word' id='word_1_23' title='bbox 1122 762 1297 829; x_wconf 79' lang='lat' dir='ltr'><strong>Leot.</strong></span> <span class='ocrx_word' id='word_1_24' title='bbox 1354 762 1516 839; x_wconf 85' lang='grc'><strong>188,</strong></span> <span class='ocrx_word' id='word_1_25' title='bbox 1567 765 1831 829; x_wconf 83' lang='lat' dir='ltr'><strong>verbum</strong></span> <span class='ocrx_word' id='word_1_26' title='bbox 1895 762 2443 841; x_wconf 74' lang='grc' dir='ltr'><strong><em>καταμιαίνεσθαι.</em></strong></span> <span class='ocrx_word' id='word_1_27' title='bbox 2517 758 2815 843; x_wconf 76' lang='lat' dir='ltr'><strong>Namque</strong></span> 
     </span>
     <span class='ocr_line' id='line_1_5' title="bbox 431 867 2815 956; baseline -0.002 -20"><span class='ocrx_word' id='word_1_28' title='bbox 431 872 566 936; x_wconf 82' lang='lat' dir='ltr'><strong>sive</strong></span> <span class='ocrx_word' id='word_1_29' title='bbox 611 869 988 953; x_wconf 67' lang='lat' dir='ltr'><strong>comparo-ari</strong></span> <span class='ocrx_word' id='word_1_30' title='bbox 1033 867 1352 956; x_wconf 78' lang='lat' dir='ltr'><strong>sig-nificat</strong></span> <span class='ocrx_word' id='word_1_31' title='bbox 1370 918 1388 947; x_wconf 86' lang='lat'>‚</span> <span class='ocrx_word' id='word_1_32' title='bbox 1437 875 1512 937; x_wconf 91' lang='lat' dir='ltr'><strong>ut</strong></span> <span class='ocrx_word' id='word_1_33' title='bbox 1557 870 1757 948; x_wconf 88' lang='lat' dir='ltr'><strong>solet,</strong></span> <span class='ocrx_word' id='word_1_34' title='bbox 1799 872 1935 935; x_wconf 76' lang='lat' dir='ltr'><strong>sive</strong></span> <span class='ocrx_word' id='word_1_35' title='bbox 1974 868 2191 955; x_wconf 90' lang='lat' dir='ltr'><strong>paullo</strong></span> <span class='ocrx_word' id='word_1_36' title='bbox 2232 869 2440 933; x_wconf 88' lang='lat' dir='ltr'><strong>acrius</strong></span> <span class='ocrx_word' id='word_1_37' title='bbox 2479 871 2575 933; x_wconf 82' lang='lat' dir='ltr'><strong>eet</strong></span> <span class='ocrx_word' id='word_1_38' title='bbox 2620 886 2815 952; x_wconf 86' lang='lat' dir='ltr'><strong>quam</strong></span> 
     </span>
     <span class='ocr_line' id='line_1_6' title="bbox 433 974 2910 1062; baseline -0.002 -21"><span class='ocrx_word' id='word_1_39' title='bbox 433 977 794 1054; x_wconf 80' lang='grc' dir='ltr'><strong><em>μαίνεσθαι,</em></strong></span> <span class='ocrx_word' id='word_1_40' title='bbox 833 974 1040 1060; x_wconf 85' lang='lat' dir='ltr'><strong>pollui</strong></span> <span class='ocrx_word' id='word_1_41' title='bbox 1071 974 1324 1061; x_wconf 87' lang='lat' dir='ltr'><strong>piaculo</strong></span> <span class='ocrx_word' id='word_1_42' title='bbox 1365 976 1688 1062; x_wconf 89' lang='lat' dir='ltr'><strong>quolibet,</strong></span> <span class='ocrx_word' id='word_1_43' title='bbox 1738 997 1865 1041; x_wconf 90' lang='lat' dir='ltr'><strong>non</strong></span> <span class='ocrx_word' id='word_1_44' title='bbox 1914 984 2009 1041; x_wconf 85' lang='lat' dir='ltr'><strong>est</strong></span> <span class='ocrx_word' id='word_1_45' title='bbox 2053 976 2308 1041; x_wconf 87' lang='lat' dir='ltr'><strong>honoris</strong></span> <span class='ocrx_word' id='word_1_46' title='bbox 2357 994 2561 1061; x_wconf 82' lang='lat' dir='ltr'><strong>genus</strong></span> <span class='ocrx_word' id='word_1_47' title='bbox 2603 975 2817 1061; x_wconf 79' lang='lat' dir='ltr'><strong>magis</strong></span> <span class='ocrx_word' id='word_1_48' title='bbox 2904 1006 2910 1015; x_wconf 95' lang='lat'><em>-</em></span> 
     </span>
     <span class='ocr_line' id='line_1_7' title="bbox 433 1080 2818 1171; baseline -0.003 -22"><span class='ocrx_word' id='word_1_49' title='bbox 433 1082 742 1149; x_wconf 81' lang='lat' dir='ltr'><strong>stolidum</strong></span> <span class='ocrx_word' id='word_1_50' title='bbox 803 1088 870 1149; x_wconf 88' lang='lat' dir='ltr'><strong>et</strong></span> <span class='ocrx_word' id='word_1_51' title='bbox 929 1082 1008 1147; x_wconf 84' lang='lat' dir='ltr'><strong>ab</strong></span> <span class='ocrx_word' id='word_1_52' title='bbox 1070 1087 1301 1148; x_wconf 86' lang='lat' dir='ltr'><strong>natura</strong></span> <span class='ocrx_word' id='word_1_53' title='bbox 1361 1084 1608 1171; x_wconf 79' lang='lat' dir='ltr'><strong>ingenii</strong></span> <span class='ocrx_word' id='word_1_54' title='bbox 1670 1084 1939 1148; x_wconf 87' lang='lat' dir='ltr'><strong>humani</strong></span> <span class='ocrx_word' id='word_1_55' title='bbox 1988 1086 2053 1148; x_wconf 89' lang='lat' dir='ltr'><strong>et</strong></span> <span class='ocrx_word' id='word_1_56' title='bbox 2101 1080 2485 1147; x_wconf 82' lang='lat' dir='ltr'><strong>Graecorum</strong></span> <span class='ocrx_word' id='word_1_57' title='bbox 2531 1080 2818 1145; x_wconf 87' lang='lat' dir='ltr'><strong>moribus</strong></span> 
     </span>
     <span class='ocr_line' id='line_1_8' title="bbox 433 1188 1759 1277; baseline -0.001 -22"><span class='ocrx_word' id='word_1_58' title='bbox 433 1192 646 1277; x_wconf 80' lang='lat' dir='ltr'><strong>magis</strong></span> <span class='ocrx_word' id='word_1_59' title='bbox 689 1188 968 1254; x_wconf 90' lang='lat' dir='ltr'><strong>alienum</strong></span> <span class='ocrx_word' id='word_1_60' title='bbox 1017 1194 1083 1254; x_wconf 90' lang='lat' dir='ltr'><strong>et</strong></span> <span class='ocrx_word' id='word_1_61' title='bbox 1131 1190 1469 1255; x_wconf 78' lang='lat' dir='ltr'>abhorrens</span> <span class='ocrx_word' id='word_1_62' title='bbox 1489 1236 1508 1267; x_wconf 89' lang='lat'><em>,</em></span> <span class='ocrx_word' id='word_1_63' title='bbox 1560 1188 1759 1255; x_wconf 87' lang='lat' dir='ltr'><strong>cett.”</strong></span> 
     </span>
    </p>

    <p class='ocr_par' dir='ltr' id='par_1_3' title="bbox 433 1292 2815 1489">
     <span class='ocr_line' id='line_1_9' title="bbox 523 1292 2811 1379; baseline -0.002 -16"><span class='ocrx_word' id='word_1_64' title='bbox 523 1296 748 1363; x_wconf 83' lang='lat' dir='ltr'><strong>Nonne</strong></span> <span class='ocrx_word' id='word_1_65' title='bbox 794 1294 1347 1372; x_wconf 77' lang='grc' dir='ltr'><strong><em>καταμιαίνεσθαι,</em></strong></span> <span class='ocrx_word' id='word_1_66' title='bbox 1395 1300 1472 1359; x_wconf 87' lang='lat' dir='ltr'><strong>ut</strong></span> <span class='ocrx_word' id='word_1_67' title='bbox 1515 1294 1635 1361; x_wconf 88' lang='lat' dir='ltr'><strong>hoc</strong></span> <span class='ocrx_word' id='word_1_68' title='bbox 1672 1300 1821 1361; x_wconf 85' lang='lat' dir='ltr'><strong>utar</strong></span> <span class='ocrx_word' id='word_1_69' title='bbox 1840 1343 1858 1379; x_wconf 88' lang='lat'>‚</span> <span class='ocrx_word' id='word_1_70' title='bbox 1882 1298 2053 1361; x_wconf 86' lang='lat' dir='ltr'><strong>recte</strong></span> <span class='ocrx_word' id='word_1_71' title='bbox 2077 1294 2393 1359; x_wconf 88' lang='lat' dir='ltr'><strong>diceretur</strong></span> <span class='ocrx_word' id='word_1_72' title='bbox 2414 1312 2605 1358; x_wconf 83' lang='lat' dir='ltr'><strong>senex</strong></span> <span class='ocrx_word' id='word_1_73' title='bbox 2628 1292 2811 1358; x_wconf 86' lang='lat' dir='ltr'><strong>Pria-</strong></span> 
     </span>
     <span class='ocr_line' id='line_1_10' title="bbox 433 1397 2815 1489; baseline -0.003 -20"><span class='ocrx_word' id='word_1_74' title='bbox 433 1422 617 1488; x_wconf 85' lang='lat' dir='ltr'><strong>mus,</strong></span> <span class='ocrx_word' id='word_1_75' title='bbox 665 1402 742 1467; x_wconf 88' lang='lat' dir='ltr'><strong>de</strong></span> <span class='ocrx_word' id='word_1_76' title='bbox 788 1422 912 1488; x_wconf 87' lang='lat' dir='ltr'><strong>quo</strong></span> <span class='ocrx_word' id='word_1_77' title='bbox 958 1399 1305 1468; x_wconf 85' lang='lat' dir='ltr'><strong>Hectorem</strong></span> <span class='ocrx_word' id='word_1_78' title='bbox 1343 1400 1599 1489; x_wconf 84' lang='lat' dir='ltr'><strong>lugenti</strong></span> <span class='ocrx_word' id='word_1_79' title='bbox 1638 1411 1735 1466; x_wconf 90' lang='lat' dir='ltr'><strong>est</strong></span> <span class='ocrx_word' id='word_1_80' title='bbox 1775 1401 1943 1487; x_wconf 88' lang='lat' dir='ltr'><strong>apud</strong></span> <span class='ocrx_word' id='word_1_81' title='bbox 1984 1400 2344 1466; x_wconf 80' lang='lat' dir='ltr'>Homerum</span> <span class='ocrx_word' id='word_1_82' title='bbox 2388 1408 2459 1463; x_wconf 88' lang='grc' dir='ltr'>Ω</span> <span class='ocrx_word' id='word_1_83' title='bbox 2492 1397 2621 1465; x_wconf 85' lang='grc'><strong>163</strong></span> <span class='ocrx_word' id='word_1_84' title='bbox 2646 1419 2815 1485; x_wconf 82' lang='lat' dir='ltr'><strong>sqq.:</strong></span> 
     </span>
    </p>

    <p class='ocr_par' dir='ltr' id='par_1_4' title="bbox 531 1506 2581 1697">
     <span class='ocr_line' id='line_1_11' title="bbox 1955 1506 2549 1587; baseline -0.005 -16"><span class='ocrx_word' id='word_1_85' title='bbox 1955 1507 2131 1587; x_wconf 72' lang='grc' dir='ltr'><strong>ἀμφὶ</strong></span> <span class='ocrx_word' id='word_1_86' title='bbox 2173 1506 2239 1572; x_wconf 72' lang='grc' dir='ltr'><strong>δὲ</strong></span> <span class='ocrx_word' id='word_1_87' title='bbox 2284 1529 2332 1569; x_wconf 78' lang='grc' dir='ltr'><strong>π·</strong></span> <span class='ocrx_word' id='word_1_88' title='bbox 2348 1526 2376 1569; x_wconf 94' lang='grc' dir='ltr'><strong><em>ο</em></strong></span> <span class='ocrx_word' id='word_1_89' title='bbox 2394 1520 2436 1569; x_wconf 82' lang='grc' dir='ltr'><strong>λ</strong></span> <span class='ocrx_word' id='word_1_90' title='bbox 2455 1518 2494 1569; x_wconf 82' lang='grc' dir='ltr'><strong>λ</strong></span> <span class='ocrx_word' id='word_1_91' title='bbox 2513 1506 2549 1579; x_wconf 68' lang='grc' dir='ltr'><strong>ἦ</strong></span> 
     </span>
     <span class='ocr_line' id='line_1_12' title="bbox 531 1610 2581 1697; baseline -0 -16"><span class='ocrx_word' id='word_1_92' title='bbox 531 1613 822 1697; x_wconf 77' lang='grc' dir='ltr'><strong><em>κόπρος</em></strong></span> <span class='ocrx_word' id='word_1_93' title='bbox 870 1612 1003 1689; x_wconf 75' lang='grc' dir='ltr'><strong>ἔην</strong></span> <span class='ocrx_word' id='word_1_94' title='bbox 1049 1619 1378 1696; x_wconf 69' lang='grc' dir='ltr'><strong><em>κεφαλῇ</em></strong></span> <span class='ocrx_word' id='word_1_95' title='bbox 1427 1638 1516 1679; x_wconf 86' lang='grc' dir='ltr'><strong>τε</strong></span> <span class='ocrx_word' id='word_1_96' title='bbox 1563 1614 1700 1678; x_wconf 72' lang='grc' dir='ltr'><strong>καὶ</strong></span> <span class='ocrx_word' id='word_1_97' title='bbox 1754 1612 2049 1693; x_wconf 77' lang='grc' dir='ltr'><strong><em>αὐχένι</em></strong></span> <span class='ocrx_word' id='word_1_98' title='bbox 2095 1620 2219 1678; x_wconf 84' lang='grc' dir='ltr'><strong><em>τοῖο</em></strong></span> <span class='ocrx_word' id='word_1_99' title='bbox 2268 1610 2581 1691; x_wconf 75' lang='grc' dir='ltr'><strong><em>γέροντος,</em></strong></span> 
     </span>
    </p>

    <p class='ocr_par' dir='ltr' id='par_1_5' title="bbox 444 1714 2691 1894">
     <span class='ocr_line' id='line_1_13' title="bbox 531 1714 2691 1801; baseline -0.001 -17"><span class='ocrx_word' id='word_1_100' title='bbox 531 1721 670 1794; x_wconf 60' lang='lat' dir='ltr'><strong>‘rino</strong></span> <span class='ocrx_word' id='word_1_101' title='bbox 716 1723 804 1801; x_wconf 78' lang='grc' dir='ltr'><strong>ῥα</strong></span> <span class='ocrx_word' id='word_1_102' title='bbox 854 1718 1441 1797; x_wconf 76' lang='grc' dir='ltr'><strong><em>κυλινδόμενος</em></strong></span> <span class='ocrx_word' id='word_1_103' title='bbox 1486 1720 2045 1797; x_wconf 74' lang='grc' dir='ltr'><strong><em>καταμήσατο</em></strong></span> <span class='ocrx_word' id='word_1_104' title='bbox 2091 1719 2379 1800; x_wconf 72' lang='grc' dir='ltr'><strong><em>χερσὶν</em></strong></span> <span class='ocrx_word' id='word_1_105' title='bbox 2425 1714 2691 1801; x_wconf 53' lang='lat' dir='ltr'><strong>§jo-ev?</strong></span> 
     </span>
     <span class='ocr_line' id='line_1_14' title="bbox 444 1824 861 1894; baseline 0.002 -1"><span class='ocrx_word' id='word_1_106' title='bbox 444 1824 540 1893; x_wconf 81' lang='lat' dir='ltr'><strong>cf.</strong></span> <span class='ocrx_word' id='word_1_107' title='bbox 591 1826 660 1892; x_wconf 83' lang='lat' dir='ltr'>X</span> <span class='ocrx_word' id='word_1_108' title='bbox 708 1825 861 1894; x_wconf 87' lang='lat'>414.</span> 
     </span>
    </p>

    <p class='ocr_par' dir='ltr' id='par_1_6' title="bbox 445 1929 2838 3292">
     <span class='ocr_line' id='line_1_15' title="bbox 536 1929 2829 2019; baseline -0.002 -21"><span class='ocrx_word' id='word_1_109' title='bbox 536 1930 907 2017; x_wconf 84' lang='lat' dir='ltr'><strong>„Spartani”</strong></span> <span class='ocrx_word' id='word_1_110' title='bbox 969 1932 1063 1997; x_wconf 87' lang='lat' dir='ltr'><strong>ita</strong></span> <span class='ocrx_word' id='word_1_111' title='bbox 1130 1934 1344 2019; x_wconf 84' lang='lat' dir='ltr'><strong>pergit</strong></span> <span class='ocrx_word' id='word_1_112' title='bbox 1403 1934 1505 1997; x_wconf 85' lang='lat' dir='ltr'><strong>vir</strong></span> <span class='ocrx_word' id='word_1_113' title='bbox 1570 1934 1847 1999; x_wconf 85' lang='lat' dir='ltr'><strong>eximius</strong></span> <span class='ocrx_word' id='word_1_114' title='bbox 1899 1931 2352 2013; x_wconf 77' lang='lat' dir='ltr'><strong>„concidebant</strong></span> <span class='ocrx_word' id='word_1_115' title='bbox 2400 1930 2524 1997; x_wconf 91' lang='lat' dir='ltr'><strong>sibi</strong></span> <span class='ocrx_word' id='word_1_116' title='bbox 2570 1929 2829 1995; x_wconf 87' lang='lat' dir='ltr'><strong>brachia</strong></span> 
     </span>
     <span class='ocr_line' id='line_1_16' title="bbox 445 2036 2829 2127; baseline -0.002 -23"><span class='ocrx_word' id='word_1_117' title='bbox 445 2043 510 2104; x_wconf 91' lang='lat' dir='ltr'><strong>et</strong></span> <span class='ocrx_word' id='word_1_118' title='bbox 569 2036 906 2103; x_wconf 76' lang='lat' dir='ltr'><strong>eliciebant</strong></span> <span class='ocrx_word' id='word_1_119' title='bbox 971 2058 1260 2103; x_wconf 85' lang='lat' dir='ltr'><strong>cruorem</strong></span> <span class='ocrx_word' id='word_1_120' title='bbox 1326 2042 1390 2103; x_wconf 88' lang='lat' dir='ltr'><strong>et</strong></span> <span class='ocrx_word' id='word_1_121' title='bbox 1454 2040 1545 2103; x_wconf 89' lang='lat' dir='ltr'><strong>sic</strong></span> <span class='ocrx_word' id='word_1_122' title='bbox 1606 2058 1827 2127; x_wconf 78' lang='lat' dir='ltr'><strong>regem</strong></span> <span class='ocrx_word' id='word_1_123' title='bbox 1890 2044 2217 2104; x_wconf 89' lang='lat' dir='ltr'><strong>mortuum</strong></span> <span class='ocrx_word' id='word_1_124' title='bbox 2277 2036 2673 2102; x_wconf 78' lang='lat' dir='ltr'><strong>honorabant</strong></span> <span class='ocrx_word' id='word_1_125' title='bbox 2688 2082 2705 2113; x_wconf 87' lang='lat'><strong><em>,</em></strong></span> <span class='ocrx_word' id='word_1_126' title='bbox 2753 2040 2829 2099; x_wconf 91' lang='lat' dir='ltr'><strong>ut</strong></span> 
     </span>
     <span class='ocr_line' id='line_1_17' title="bbox 446 2140 2822 2229; baseline -0.002 -19"><span class='ocrx_word' id='word_1_127' title='bbox 446 2140 625 2210; x_wconf 79' lang='lat' dir='ltr'><strong>Galli</strong></span> <span class='ocrx_word' id='word_1_128' title='bbox 673 2140 955 2229; x_wconf 80' lang='lat' dir='ltr'><strong>Cybelen</strong></span> <span class='ocrx_word' id='word_1_129' title='bbox 975 2192 990 2219; x_wconf 90' lang='lat'>,</span> <span class='ocrx_word' id='word_1_130' title='bbox 1041 2144 1208 2229; x_wconf 90' lang='lat' dir='ltr'><strong>quod</strong></span> <span class='ocrx_word' id='word_1_131' title='bbox 1257 2141 1518 2209; x_wconf 85' lang='lat' dir='ltr'><strong>Graecis</strong></span> <span class='ocrx_word' id='word_1_132' title='bbox 1561 2146 1850 2210; x_wconf 88' lang='lat' dir='ltr'><strong>moribus</strong></span> <span class='ocrx_word' id='word_1_133' title='bbox 1896 2150 1992 2209; x_wconf 91' lang='lat' dir='ltr'><strong>est</strong></span> <span class='ocrx_word' id='word_1_134' title='bbox 2032 2145 2405 2211; x_wconf 80' lang='lat' dir='ltr'><strong>conveniens</strong></span> <span class='ocrx_word' id='word_1_135' title='bbox 2444 2142 2789 2209; x_wconf 85' lang='lat' dir='ltr'><strong>admodum</strong></span> <span class='ocrx_word' id='word_1_136' title='bbox 2806 2189 2822 2219; x_wconf 90' lang='lat'><strong>,</strong></span> 
     </span>
     <span class='ocr_line' id='line_1_18' title="bbox 445 2246 2829 2337; baseline -0.002 -22"><span class='ocrx_word' id='word_1_137' title='bbox 445 2252 516 2315; x_wconf 91' lang='lat' dir='ltr'><strong>in</strong></span> <span class='ocrx_word' id='word_1_138' title='bbox 571 2248 754 2315; x_wconf 88' lang='lat' dir='ltr'><strong>luctu</strong></span> <span class='ocrx_word' id='word_1_139' title='bbox 815 2250 940 2314; x_wconf 89' lang='lat' dir='ltr'><strong>sibi</strong></span> <span class='ocrx_word' id='word_1_140' title='bbox 997 2251 1326 2337; x_wconf 83' lang='lat' dir='ltr'><strong>unguibus</strong></span> <span class='ocrx_word' id='word_1_141' title='bbox 1372 2256 1480 2315; x_wconf 68' lang='lat' dir='ltr'><strong>aut</strong></span> <span class='ocrx_word' id='word_1_142' title='bbox 1513 2251 1693 2337; x_wconf 81' lang='lat' dir='ltr'><strong>ferro</strong></span> <span class='ocrx_word' id='word_1_143' title='bbox 1738 2251 2013 2316; x_wconf 84' lang='lat' dir='ltr'><strong>lacerare</strong></span> <span class='ocrx_word' id='word_1_144' title='bbox 2059 2270 2283 2335; x_wconf 86' lang='lat' dir='ltr'><strong>corpus</strong></span> <span class='ocrx_word' id='word_1_145' title='bbox 2332 2254 2444 2315; x_wconf 89' lang='lat' dir='ltr'><strong>aut</strong></span> <span class='ocrx_word' id='word_1_146' title='bbox 2490 2267 2685 2336; x_wconf 81' lang='lat' dir='ltr'><strong>genas</strong></span> <span class='ocrx_word' id='word_1_147' title='bbox 2730 2246 2829 2311; x_wconf 86' lang='lat' dir='ltr'><strong>di-</strong></span> 
     </span>
     <span class='ocr_line' id='line_1_19' title="bbox 447 2352 2827 2442; baseline -0.002 -20"><span class='ocrx_word' id='word_1_148' title='bbox 447 2355 686 2423; x_wconf 84' lang='lat' dir='ltr'><strong>laniare</strong></span> <span class='ocrx_word' id='word_1_149' title='bbox 733 2361 798 2422; x_wconf 91' lang='lat' dir='ltr'><strong>et</strong></span> <span class='ocrx_word' id='word_1_150' title='bbox 839 2354 1168 2423; x_wconf 76' lang='lat' dir='ltr'><strong>vultum.”</strong></span> <span class='ocrx_word' id='word_1_151' title='bbox 1227 2356 1326 2422; x_wconf 92' lang='lat' dir='ltr'><strong>De</strong></span> <span class='ocrx_word' id='word_1_152' title='bbox 1366 2358 1694 2442; x_wconf 84' lang='lat' dir='ltr'><strong>unguibus</strong></span> <span class='ocrx_word' id='word_1_153' title='bbox 1735 2357 2005 2423; x_wconf 89' lang='lat' dir='ltr'><strong>concedo</strong></span> <span class='ocrx_word' id='word_1_154' title='bbox 2022 2403 2041 2434; x_wconf 88' lang='lat'><strong>,</strong></span> <span class='ocrx_word' id='word_1_155' title='bbox 2084 2355 2161 2421; x_wconf 92' lang='lat' dir='ltr'><strong>de</strong></span> <span class='ocrx_word' id='word_1_156' title='bbox 2202 2356 2365 2421; x_wconf 88' lang='lat' dir='ltr'><strong>ferro</strong></span> <span class='ocrx_word' id='word_1_157' title='bbox 2402 2374 2587 2442; x_wconf 83' lang='lat' dir='ltr'><strong>nego.</strong></span> <span class='ocrx_word' id='word_1_158' title='bbox 2629 2352 2827 2419; x_wconf 83' lang='lat' dir='ltr'><strong>Grae·</strong></span> 
     </span>
     <span class='ocr_line' id='line_1_20' title="bbox 449 2460 2829 2549; baseline -0.001 -21"><span class='ocrx_word' id='word_1_159' title='bbox 449 2482 670 2529; x_wconf 78' lang='lat' dir='ltr'><strong>corum</strong></span> <span class='ocrx_word' id='word_1_160' title='bbox 717 2467 814 2527; x_wconf 83' lang='lat' dir='ltr'><strong>est</strong></span> <span class='ocrx_word' id='word_1_161' title='bbox 867 2460 1202 2527; x_wconf 70' lang='grc' dir='ltr'><strong><em>κόπτεσθαι</em></strong></span> <span class='ocrx_word' id='word_1_162' title='bbox 1251 2482 1298 2526; x_wconf 86' lang='lat' dir='ltr'><strong>e.</strong></span> <span class='ocrx_word' id='word_1_163' title='bbox 1345 2462 1684 2527; x_wconf 80' lang='grc' dir='ltr'><strong><em>τύπτεσθαι</em></strong></span> <span class='ocrx_word' id='word_1_164' title='bbox 1731 2462 2265 2549; x_wconf 69' lang='grc' dir='ltr'><strong><em>(κατακόπτεσθαι</em></strong></span> <span class='ocrx_word' id='word_1_165' title='bbox 2305 2466 2403 2527; x_wconf 83' lang='lat' dir='ltr'><strong>est</strong></span> <span class='ocrx_word' id='word_1_166' title='bbox 2436 2460 2829 2547; x_wconf 69' lang='lat' dir='ltr'><strong>aequiorum)</strong></span> 
     </span>
     <span class='ocr_line' id='line_1_21' title="bbox 450 2566 2832 2648; baseline -0.002 -14"><span class='ocrx_word' id='word_1_167' title='bbox 450 2573 514 2634; x_wconf 80' lang='lat' dir='ltr'><strong>et</strong></span> <span class='ocrx_word' id='word_1_168' title='bbox 561 2566 1082 2645; x_wconf 81' lang='grc' dir='ltr'><strong><em>καταμύττεσθαι</em></strong></span> <span class='ocrx_word' id='word_1_169' title='bbox 1123 2570 1259 2634; x_wconf 80' lang='lat' dir='ltr'><strong>sive</strong></span> <span class='ocrx_word' id='word_1_170' title='bbox 1307 2568 1846 2648; x_wconf 74' lang='grc' dir='ltr'><strong><em>καταδρύπτεσθαι</em></strong></span> <span class='ocrx_word' id='word_1_171' title='bbox 1868 2616 1885 2647; x_wconf 86' lang='grc'><strong>,</strong></span> <span class='ocrx_word' id='word_1_172' title='bbox 1932 2568 2041 2634; x_wconf 84' lang='lat' dir='ltr'><strong>sed</strong></span> <span class='ocrx_word' id='word_1_173' title='bbox 2085 2568 2156 2632; x_wconf 84' lang='grc' dir='ltr'><strong>τὸ</strong></span> <span class='ocrx_word' id='word_1_174' title='bbox 2205 2568 2723 2643; x_wconf 74' lang='grc' dir='ltr'><strong><em>κατατάμνεσθαι</em></strong></span> <span class='ocrx_word' id='word_1_175' title='bbox 2768 2573 2832 2632; x_wconf 84' lang='lat' dir='ltr'><strong>et</strong></span> 
     </span>
     <span class='ocr_line' id='line_1_22' title="bbox 449 2671 2827 2761; baseline -0.001 -21"><span class='ocrx_word' id='word_1_176' title='bbox 449 2675 520 2740; x_wconf 82' lang='grc' dir='ltr'><strong>τὸ</strong></span> <span class='ocrx_word' id='word_1_177' title='bbox 582 2672 1062 2753; x_wconf 69' lang='grc' dir='ltr'><strong><em>περιτάμνεσθαι</em></strong></span> <span class='ocrx_word' id='word_1_178' title='bbox 1121 2673 1261 2741; x_wconf 71' lang='grc' dir='ltr'><strong><em>τοὺς</em></strong></span> <span class='ocrx_word' id='word_1_179' title='bbox 1325 2673 1674 2756; x_wconf 77' lang='grc' dir='ltr'><strong><em>βραχίονας</em></strong></span> <span class='ocrx_word' id='word_1_180' title='bbox 1710 2676 1816 2761; x_wconf 84' lang='lat' dir='ltr'><strong>(ef.</strong></span> <span class='ocrx_word' id='word_1_181' title='bbox 1858 2674 2012 2740; x_wconf 86' lang='lat' dir='ltr'><strong>Her.</strong></span> <span class='ocrx_word' id='word_1_182' title='bbox 2055 2673 2150 2738; x_wconf 91' lang='lat' dir='ltr'><strong>IV</strong></span> <span class='ocrx_word' id='word_1_183' title='bbox 2194 2671 2309 2752; x_wconf 81' lang='lat'><strong>71)</strong></span> <span class='ocrx_word' id='word_1_184' title='bbox 2346 2673 2827 2760; x_wconf 80' lang='lat' dir='ltr'><strong>relinquebant,</strong></span> 
     </span>
     <span class='ocr_line' id='line_1_23' title="bbox 449 2779 2835 2866; baseline -0.001 -20"><span class='ocrx_word' id='word_1_185' title='bbox 449 2783 574 2846; x_wconf 87' lang='lat' dir='ltr'><strong>nisi</strong></span> <span class='ocrx_word' id='word_1_186' title='bbox 629 2779 818 2846; x_wconf 84' lang='lat' dir='ltr'><strong>fallor</strong></span> <span class='ocrx_word' id='word_1_187' title='bbox 833 2830 852 2866; x_wconf 90' lang='lat'>,</span> <span class='ocrx_word' id='word_1_188' title='bbox 913 2780 1198 2866; x_wconf 80' lang='lat' dir='ltr'><strong>barbaris</strong></span> <span class='ocrx_word' id='word_1_189' title='bbox 1257 2784 1324 2846; x_wconf 89' lang='lat' dir='ltr'><strong>et</strong></span> <span class='ocrx_word' id='word_1_190' title='bbox 1379 2780 1690 2848; x_wconf 85' lang='lat' dir='ltr'><strong>fanaticis.</strong></span> <span class='ocrx_word' id='word_1_191' title='bbox 1754 2781 1817 2848; x_wconf 89' lang='lat' dir='ltr'>N</span> <span class='ocrx_word' id='word_1_192' title='bbox 1818 2802 1889 2848; x_wconf 90' lang='lat' dir='ltr'><strong>ec</strong></span> <span class='ocrx_word' id='word_1_193' title='bbox 1942 2779 2200 2846; x_wconf 89' lang='lat' dir='ltr'><strong>tandem</strong></span> <span class='ocrx_word' id='word_1_194' title='bbox 2250 2779 2436 2845; x_wconf 83' lang='lat' dir='ltr'><strong>video</strong></span> <span class='ocrx_word' id='word_1_195' title='bbox 2453 2827 2469 2858; x_wconf 89' lang='lat'>‚</span> <span class='ocrx_word' id='word_1_196' title='bbox 2523 2799 2648 2865; x_wconf 90' lang='lat' dir='ltr'><strong>quo</strong></span> <span class='ocrx_word' id='word_1_197' title='bbox 2694 2781 2835 2844; x_wconf 89' lang='lat' dir='ltr'><strong>iure</strong></span> 
     </span>
     <span class='ocr_line' id='line_1_24' title="bbox 449 2885 2830 2973; baseline -0.002 -18"><span class='ocrx_word' id='word_1_198' title='bbox 449 2885 727 2955; x_wconf 85' lang='lat' dir='ltr'><strong>Oobetus</strong></span> <span class='ocrx_word' id='word_1_199' title='bbox 773 2889 942 2953; x_wconf 89' lang='lat' dir='ltr'><strong>hune</strong></span> <span class='ocrx_word' id='word_1_200' title='bbox 989 2906 1232 2953; x_wconf 89' lang='lat' dir='ltr'><strong>morem</strong></span> <span class='ocrx_word' id='word_1_201' title='bbox 1282 2891 1728 2954; x_wconf 73' lang='lat' dir='ltr'><strong>Immemorem</strong></span> <span class='ocrx_word' id='word_1_202' title='bbox 1774 2888 2016 2954; x_wconf 89' lang='lat' dir='ltr'><strong>iudicet</strong></span> <span class='ocrx_word' id='word_1_203' title='bbox 2063 2907 2257 2973; x_wconf 86' lang='lat' dir='ltr'><strong>quam</strong></span> <span class='ocrx_word' id='word_1_204' title='bbox 2305 2886 2643 2953; x_wconf 78' lang='lat' dir='ltr'><strong>molestam</strong></span> <span class='ocrx_word' id='word_1_205' title='bbox 2692 2889 2830 2971; x_wconf 90' lang='lat' dir='ltr'><strong>qui-</strong></span> 
     </span>
     <span class='ocr_line' id='line_1_25' title="bbox 453 2993 2833 3080; baseline -0.002 -20"><span class='ocrx_word' id='word_1_206' title='bbox 453 2994 596 3060; x_wconf 89' lang='lat' dir='ltr'><strong>dem</strong></span> <span class='ocrx_word' id='word_1_207' title='bbox 659 2999 724 3058; x_wconf 91' lang='lat' dir='ltr'><strong>et</strong></span> <span class='ocrx_word' id='word_1_208' title='bbox 769 3015 1062 3080; x_wconf 87' lang='lat' dir='ltr'><strong>spurcam</strong></span> <span class='ocrx_word' id='word_1_209' title='bbox 1119 2994 1227 3059; x_wconf 86' lang='lat' dir='ltr'><strong>sed</strong></span> <span class='ocrx_word' id='word_1_210' title='bbox 1291 2995 1615 3059; x_wconf 82' lang='lat' dir='ltr'><strong>innoxiam</strong></span> <span class='ocrx_word' id='word_1_211' title='bbox 1669 2993 1851 3060; x_wconf 90' lang='lat' dir='ltr'><strong>illam</strong></span> <span class='ocrx_word' id='word_1_212' title='bbox 1910 2993 2432 3059; x_wconf 80' lang='lat' dir='ltr'><strong>consuetudinem</strong></span> <span class='ocrx_word' id='word_1_213' title='bbox 2481 3013 2710 3078; x_wconf 86' lang='lat' dir='ltr'><strong>coen0,</strong></span> <span class='ocrx_word' id='word_1_214' title='bbox 2756 2997 2833 3056; x_wconf 87' lang='lat' dir='ltr'><strong>ut</strong></span> 
     </span>
     <span class='ocr_line' id='line_1_26' title="bbox 453 3097 2838 3186; baseline -0 -20"><span class='ocrx_word' id='word_1_215' title='bbox 453 3100 621 3185; x_wconf 88' lang='lat' dir='ltr'><strong>apud</strong></span> <span class='ocrx_word' id='word_1_216' title='bbox 684 3098 1042 3165; x_wconf 84' lang='lat' dir='ltr'><strong>Homerum</strong></span> <span class='ocrx_word' id='word_1_217' title='bbox 1061 3147 1079 3176; x_wconf 88' lang='lat'><strong>,</strong></span> <span class='ocrx_word' id='word_1_218' title='bbox 1141 3107 1250 3165; x_wconf 81' lang='lat' dir='ltr'><strong>aut</strong></span> <span class='ocrx_word' id='word_1_219' title='bbox 1297 3099 1562 3185; x_wconf 82' lang='lat' dir='ltr'><strong>pulvere</strong></span> <span class='ocrx_word' id='word_1_220' title='bbox 1606 3097 1711 3166; x_wconf 79' lang='lat' dir='ltr'><strong>vel</strong></span> <span class='ocrx_word' id='word_1_221' title='bbox 1760 3102 1968 3166; x_wconf 89' lang='lat' dir='ltr'><strong>cinere</strong></span> <span class='ocrx_word' id='word_1_222' title='bbox 2012 3101 2465 3186; x_wconf 82' lang='lat' dir='ltr'><strong>conspergendi</strong></span> <span class='ocrx_word' id='word_1_223' title='bbox 2514 3106 2579 3167; x_wconf 91' lang='lat' dir='ltr'><strong>et</strong></span> <span class='ocrx_word' id='word_1_224' title='bbox 2626 3106 2838 3166; x_wconf 85' lang='lat' dir='ltr'><strong>conta-</strong></span> 
     </span>
     <span class='ocr_line' id='line_1_27' title="bbox 455 3207 1090 3292; baseline 0.002 -22"><span class='ocrx_word' id='word_1_225' title='bbox 455 3207 745 3272; x_wconf 86' lang='lat' dir='ltr'><strong>minandi</strong></span> <span class='ocrx_word' id='word_1_226' title='bbox 791 3208 1090 3292; x_wconf 85' lang='lat' dir='ltr'><strong>corporis.</strong></span> 
     </span>
    </p>

    <p class='ocr_par' dir='ltr' id='par_1_7' title="bbox 455 3310 2837 3506">
     <span class='ocr_line' id='line_1_28' title="bbox 545 3310 2837 3400; baseline 0.001 -22"><span class='ocrx_word' id='word_1_227' title='bbox 545 3312 793 3379; x_wconf 82' lang='lat' dir='ltr'><strong>Mnem.</strong></span> <span class='ocrx_word' id='word_1_228' title='bbox 832 3311 963 3378; x_wconf 86' lang='lat' dir='ltr'><strong>XII</strong></span> <span class='ocrx_word' id='word_1_229' title='bbox 1007 3333 1071 3398; x_wconf 89' lang='lat' dir='ltr'><strong>p.</strong></span> <span class='ocrx_word' id='word_1_230' title='bbox 1127 3310 1253 3377; x_wconf 86' lang='lat'><strong>158</strong></span> <span class='ocrx_word' id='word_1_231' title='bbox 1302 3317 1683 3400; x_wconf 79' lang='lat' dir='ltr'><strong>argumenta</strong></span> <span class='ocrx_word' id='word_1_232' title='bbox 1727 3315 1963 3399; x_wconf 88' lang='lat' dir='ltr'><strong>partim</strong></span> <span class='ocrx_word' id='word_1_233' title='bbox 2012 3315 2421 3399; x_wconf 87' lang='lat' dir='ltr'><strong>repetuntur,</strong></span> <span class='ocrx_word' id='word_1_234' title='bbox 2462 3333 2587 3380; x_wconf 91' lang='lat' dir='ltr'><strong>non</strong></span> <span class='ocrx_word' id='word_1_235' title='bbox 2626 3333 2837 3381; x_wconf 85' lang='lat' dir='ltr'><strong>corro-</strong></span> 
     </span>
     <span class='ocr_line' id='line_1_29' title="bbox 455 3417 2169 3506; baseline -0.001 -20"><span class='ocrx_word' id='word_1_236' title='bbox 455 3419 778 3486; x_wconf 85' lang='lat' dir='ltr'><strong>borantur.</strong></span> <span class='ocrx_word' id='word_1_237' title='bbox 849 3417 1163 3485; x_wconf 84' lang='lat' dir='ltr'><strong>Retinebo</strong></span> <span class='ocrx_word' id='word_1_238' title='bbox 1205 3420 1414 3506; x_wconf 80' lang='lat' dir='ltr'><strong>igitur</strong></span> <span class='ocrx_word' id='word_1_239' title='bbox 1459 3419 1765 3486; x_wconf 90' lang='lat' dir='ltr'><strong>traditam</strong></span> <span class='ocrx_word' id='word_1_240' title='bbox 1811 3419 2169 3486; x_wconf 91' lang='lat' dir='ltr'><strong>lectionem.</strong></span> 
     </span>
    </p>
   </div>
   <div class='ocr_carea' id='block_1_3' title="bbox 457 3629 2851 4572">
    <p class='ocr_par' dir='ltr' id='par_1_8' title="bbox 457 3629 2851 4572">
     <span class='ocr_line' id='line_1_30' title="bbox 548 3629 2843 3715; baseline 0 -16"><span class='ocrx_word' id='word_1_241' title='bbox 548 3630 662 3700; x_wconf 87' lang='lat' dir='ltr'><strong>VI.</strong></span> <span class='ocrx_word' id='word_1_242' title='bbox 701 3629 788 3700; x_wconf 85' lang='lat'><strong>58</strong></span> <span class='ocrx_word' id='word_1_243' title='bbox 838 3638 998 3700; x_wconf 74' lang='lat' dir='ltr'><strong>extr.</strong></span> <span class='ocrx_word' id='word_1_244' title='bbox 1046 3633 1238 3700; x_wconf 72' lang='grc' dir='ltr'><strong><em>ἔοι-εὰν</em></strong></span> <span class='ocrx_word' id='word_1_245' title='bbox 1283 3634 1348 3700; x_wconf 72' lang='grc' dir='ltr'><strong>δὲ</strong></span> <span class='ocrx_word' id='word_1_246' title='bbox 1395 3633 1672 3715; x_wconf 74' lang='grc' dir='ltr'><strong><em>θάψωσι,</em></strong></span> <span class='ocrx_word' id='word_1_247' title='bbox 1711 3636 1915 3714; x_wconf 66' lang='grc' dir='ltr'><strong><em>ἀγορὴ·</em></strong></span> <span class='ocrx_word' id='word_1_248' title='bbox 1945 3633 2098 3699; x_wconf 78' lang='grc' dir='ltr'><strong><em>δέκα</em></strong></span> <span class='ocrx_word' id='word_1_249' title='bbox 2138 3633 2404 3713; x_wconf 75' lang='grc' dir='ltr'><strong><em>ἡμερέων</em></strong></span> <span class='ocrx_word' id='word_1_250' title='bbox 2441 3635 2549 3700; x_wconf 82' lang='grc' dir='ltr'><strong>οὐκ</strong></span> <span class='ocrx_word' id='word_1_251' title='bbox 2583 3630 2843 3700; x_wconf 72' lang='grc' dir='ltr'><strong><em>ἵσταταί</em></strong></span> 
     </span>
     <span class='ocr_line' id='line_1_31' title="bbox 457 3738 2841 3822; baseline 0.001 -19"><span class='ocrx_word' id='word_1_252' title='bbox 457 3745 604 3822; x_wconf 81' lang='grc' dir='ltr'><strong><em>σφι,</em></strong></span> <span class='ocrx_word' id='word_1_253' title='bbox 650 3738 778 3805; x_wconf 78' lang='grc' dir='ltr'><strong><em>οὐδ’</em></strong></span> <span class='ocrx_word' id='word_1_254' title='bbox 821 3739 866 3804; x_wconf 72' lang='grc' dir='ltr'><strong>οὶ</strong></span> <span class='ocrx_word' id='word_1_255' title='bbox 883 3761 1037 3820; x_wconf 78' lang='grc' dir='ltr'><strong>ρχα</strong></span> <span class='ocrx_word' id='word_1_256' title='bbox 1057 3764 1120 3820; x_wconf 71' lang='lat' dir='ltr'><strong>tp</strong></span> <span class='ocrx_word' id='word_1_257' title='bbox 1139 3765 1169 3806; x_wconf 85' lang='grc' dir='ltr'><strong><em>ε</em></strong></span> <span class='ocrx_word' id='word_1_258' title='bbox 1189 3741 1270 3807; x_wconf 88' lang='grc' dir='ltr'><strong>σί</strong></span> <span class='ocrx_word' id='word_1_259' title='bbox 1285 3767 1318 3816; x_wconf 81' lang='lat' dir='ltr'><em>n</em></span> <span class='ocrx_word' id='word_1_260' title='bbox 1353 3740 1609 3822; x_wconf 81' lang='grc' dir='ltr'><strong><em>συνίζει,</em></strong></span> <span class='ocrx_word' id='word_1_261' title='bbox 1633 3741 1815 3807; x_wconf 70' lang='grc' dir='ltr'><strong>ἀλλὰ</strong></span> <span class='ocrx_word' id='word_1_262' title='bbox 1841 3743 2149 3807; x_wconf 77' lang='grc' dir='ltr'><strong><em>πενθέουσι</em></strong></span> <span class='ocrx_word' id='word_1_263' title='bbox 2173 3741 2421 3812; x_wconf 79' lang='grc' dir='ltr'><strong><em>ταύτας</em></strong></span> <span class='ocrx_word' id='word_1_264' title='bbox 2445 3742 2561 3814; x_wconf 73' lang='grc' dir='ltr'><strong>τὰς</strong></span> <span class='ocrx_word' id='word_1_265' title='bbox 2590 3741 2841 3819; x_wconf 73' lang='grc' dir='ltr'><strong><em>ἡμέρας.</em></strong></span> 
     </span>
     <span class='ocr_line' id='line_1_32' title="bbox 457 3832 2845 3934; baseline -0.001 -20"><span class='ocrx_word' id='word_1_266' title='bbox 457 3844 742 3914; x_wconf 85' lang='lat' dir='ltr'><strong>Oomitia</strong></span> <span class='ocrx_word' id='word_1_267' title='bbox 783 3848 1274 3934; x_wconf 77' lang='lat' dir='ltr'><strong>magistratibus</strong></span> <span class='ocrx_word' id='word_1_268' title='bbox 1312 3849 1596 3914; x_wconf 78' lang='lat' dir='ltr'><strong>creandis</strong></span> <span class='ocrx_word' id='word_1_269' title='bbox 1635 3849 1888 3914; x_wconf 85' lang='lat' dir='ltr'><strong>nonnisi</strong></span> <span class='ocrx_word' id='word_1_270' title='bbox 1927 3847 2127 3913; x_wconf 89' lang='lat' dir='ltr'><strong>semel</strong></span> <span class='ocrx_word' id='word_1_271' title='bbox 2167 3832 2505 3933; x_wconf 78' lang='lat' dir='ltr'><strong>quotannis</strong></span> <span class='ocrx_word' id='word_1_272' title='bbox 2525 3847 2845 3912; x_wconf 84' lang='lat' dir='ltr'><strong>habeban-</strong></span> 
     </span>
     <span class='ocr_line' id='line_1_33' title="bbox 458 3953 2847 4038; baseline 0 -20"><span class='ocrx_word' id='word_1_273' title='bbox 458 3958 602 4032; x_wconf 87' lang='lat' dir='ltr'><strong>tur,</strong></span> <span class='ocrx_word' id='word_1_274' title='bbox 665 3953 881 4038; x_wconf 87' lang='lat' dir='ltr'><strong>itaque</strong></span> <span class='ocrx_word' id='word_1_275' title='bbox 943 3973 1174 4037; x_wconf 90' lang='lat' dir='ltr'><strong>parum</strong></span> <span class='ocrx_word' id='word_1_276' title='bbox 1244 3953 1568 4038; x_wconf 80' lang='lat' dir='ltr'><strong>probabile</strong></span> <span class='ocrx_word' id='word_1_277' title='bbox 1627 3955 1889 4020; x_wconf 84' lang='lat' dir='ltr'><strong>videtur</strong></span> <span class='ocrx_word' id='word_1_278' title='bbox 1934 3953 2021 4018; x_wconf 87' lang='grc' dir='ltr'><strong>Η.</strong></span> <span class='ocrx_word' id='word_1_279' title='bbox 2069 3953 2223 4018; x_wconf 89' lang='lat' dir='ltr'><strong>haec</strong></span> <span class='ocrx_word' id='word_1_280' title='bbox 2276 3971 2807 4018; x_wconf 87' lang='lat' dir='ltr'><strong>commemorasse</strong></span> <span class='ocrx_word' id='word_1_281' title='bbox 2830 3999 2847 4030; x_wconf 91' lang='lat'>‚</span> 
     </span>
     <span class='ocr_line' id='line_1_34' title="bbox 458 4055 2845 4144; baseline -0.001 -18"><span class='ocrx_word' id='word_1_282' title='bbox 458 4079 608 4126; x_wconf 82' lang='lat' dir='ltr'><strong>cum</strong></span> <span class='ocrx_word' id='word_1_283' title='bbox 645 4061 1016 4144; x_wconf 81' lang='lat' dir='ltr'><strong>praesertim</strong></span> <span class='ocrx_word' id='word_1_284' title='bbox 1057 4078 1182 4124; x_wconf 84' lang='lat' dir='ltr'><strong>vox</strong></span> <span class='ocrx_word' id='word_1_285' title='bbox 1221 4059 1416 4137; x_wconf 68' lang='grc' dir='ltr'><strong><em>ἀγορή</em></strong></span> <span class='ocrx_word' id='word_1_286' title='bbox 1457 4062 1722 4126; x_wconf 85' lang='lat' dir='ltr'><strong>comitia</strong></span> <span class='ocrx_word' id='word_1_287' title='bbox 1764 4062 1895 4125; x_wconf 88' lang='lat' dir='ltr'><strong>iam</strong></span> <span class='ocrx_word' id='word_1_288' title='bbox 1940 4058 2420 4142; x_wconf 82' lang='lat' dir='ltr'><strong>complectatur.</strong></span> <span class='ocrx_word' id='word_1_289' title='bbox 2449 4055 2684 4123; x_wconf 84' lang='lat' dir='ltr'><strong>Contra</strong></span> <span class='ocrx_word' id='word_1_290' title='bbox 2707 4059 2845 4124; x_wconf 89' lang='lat' dir='ltr'><strong>iure</strong></span> 
     </span>
     <span class='ocr_line' id='line_1_35' title="bbox 459 4163 2845 4252; baseline 0 -24"><span class='ocrx_word' id='word_1_291' title='bbox 459 4171 749 4251; x_wconf 82' lang='lat' dir='ltr'><strong>expectes</strong></span> <span class='ocrx_word' id='word_1_292' title='bbox 807 4184 882 4230; x_wconf 91' lang='lat' dir='ltr'><strong>eo</strong></span> <span class='ocrx_word' id='word_1_293' title='bbox 934 4169 1219 4249; x_wconf 89' lang='lat' dir='ltr'><strong>tempore</strong></span> <span class='ocrx_word' id='word_1_294' title='bbox 1267 4184 1382 4231; x_wconf 89' lang='lat' dir='ltr'><strong>nec</strong></span> <span class='ocrx_word' id='word_1_295' title='bbox 1427 4171 1723 4232; x_wconf 88' lang='lat' dir='ltr'><strong>senatum</strong></span> <span class='ocrx_word' id='word_1_296' title='bbox 1770 4168 2139 4234; x_wconf 82' lang='lat' dir='ltr'><strong>convenisse</strong></span> <span class='ocrx_word' id='word_1_297' title='bbox 2184 4183 2301 4230; x_wconf 88' lang='lat' dir='ltr'><strong>nec</strong></span> <span class='ocrx_word' id='word_1_298' title='bbox 2348 4163 2845 4252; x_wconf 81' lang='lat' dir='ltr'><strong>magistratuum</strong></span> 
     </span>
     <span class='ocr_line' id='line_1_36' title="bbox 461 4268 2851 4358; baseline 0.001 -24"><span class='ocrx_word' id='word_1_299' title='bbox 461 4268 764 4357; x_wconf 76' lang='lat' dir='ltr'><strong>collegia,</strong></span> <span class='ocrx_word' id='word_1_300' title='bbox 803 4291 920 4336; x_wconf 87' lang='lat' dir='ltr'><strong>nec</strong></span> <span class='ocrx_word' id='word_1_301' title='bbox 957 4271 1090 4336; x_wconf 83' lang='lat' dir='ltr'><strong>fere</strong></span> <span class='ocrx_word' id='word_1_302' title='bbox 1130 4270 1354 4338; x_wconf 88' lang='lat' dir='ltr'><strong>dubito</strong></span> <span class='ocrx_word' id='word_1_303' title='bbox 1394 4274 1548 4358; x_wconf 89' lang='lat' dir='ltr'><strong>quin</strong></span> <span class='ocrx_word' id='word_1_304' title='bbox 1583 4293 1708 4338; x_wconf 82' lang='lat' dir='ltr'><strong>vox</strong></span> <span class='ocrx_word' id='word_1_305' title='bbox 1735 4279 2232 4339; x_wconf 75' lang='lat' dir='ltr'><strong>APxAIPeclH</strong></span> <span class='ocrx_word' id='word_1_306' title='bbox 2263 4291 2341 4336; x_wconf 78' lang='lat' dir='ltr'><strong>ex</strong></span> <span class='ocrx_word' id='word_1_307' title='bbox 2366 4270 2639 4336; x_wconf 86' lang='lat' dir='ltr'><strong>duorum</strong></span> <span class='ocrx_word' id='word_1_308' title='bbox 2666 4290 2851 4336; x_wconf 84' lang='lat' dir='ltr'><strong>voca·</strong></span> 
     </span>
     <span class='ocr_line' id='line_1_37' title="bbox 465 4373 2846 4461; baseline -0.001 -19"><span class='ocrx_word' id='word_1_309' title='bbox 465 4373 759 4442; x_wconf 89' lang='lat' dir='ltr'><strong>bulorum</strong></span> <span class='ocrx_word' id='word_1_310' title='bbox 797 4376 1048 4442; x_wconf 83' lang='lat' dir='ltr'><strong>laciniis</strong></span> <span class='ocrx_word' id='word_1_311' title='bbox 1085 4387 1342 4443; x_wconf 78' lang='lat' dir='ltr'>APXAI</span> <span class='ocrx_word' id='word_1_312' title='bbox 1384 4385 1450 4443; x_wconf 89' lang='lat' dir='ltr'><strong>et</strong></span> <span class='ocrx_word' id='word_1_313' title='bbox 1485 4386 1897 4444; x_wconf 75' lang='lat' dir='ltr'><strong>rePOTCIH</strong></span> <span class='ocrx_word' id='word_1_314' title='bbox 1941 4376 2293 4443; x_wconf 84' lang='lat' dir='ltr'><strong>coaluerint</strong></span> <span class='ocrx_word' id='word_1_315' title='bbox 2314 4376 2631 4461; x_wconf 85' lang='lat' dir='ltr'><strong>fueritque</strong></span> <span class='ocrx_word' id='word_1_316' title='bbox 2653 4377 2846 4441; x_wconf 85' lang='lat' dir='ltr'><strong>haece</strong></span> 
     </span>
     <span class='ocr_line' id='line_1_38' title="bbox 458 4481 2701 4572; baseline 0 -24"><span class='ocrx_word' id='word_1_317' title='bbox 458 4481 747 4548; x_wconf 73' lang='lat' dir='ltr'><strong>historici</strong></span> <span class='ocrx_word' id='word_1_318' title='bbox 793 4501 1055 4549; x_wconf 85' lang='lat' dir='ltr'><strong>manus:</strong></span> <span class='ocrx_word' id='word_1_319' title='bbox 1105 4482 1224 4549; x_wconf 78' lang='grc' dir='ltr'><strong><em>οὐδ’</em></strong></span> <span class='ocrx_word' id='word_1_320' title='bbox 1276 4483 1527 4565; x_wconf 71' lang='grc' dir='ltr'><strong><em>ἀρχαὶ</em></strong></span> <span class='ocrx_word' id='word_1_321' title='bbox 1583 4486 1777 4572; x_wconf 72' lang='grc' dir='ltr'><strong><em>(οὐδὲ</em></strong></span> <span class='ocrx_word' id='word_1_322' title='bbox 1821 4483 2247 4569; x_wconf 71' lang='grc' dir='ltr'><strong><em>γε&gt;ρουσιή</em></strong></span> <span class='ocrx_word' id='word_1_323' title='bbox 2300 4482 2520 4566; x_wconf 77' lang='grc' dir='ltr'><strong><em>συνίζει</em></strong></span> <span class='ocrx_word' id='word_1_324' title='bbox 2571 4483 2701 4548; x_wconf 80' lang='grc' dir='ltr'><strong>κτὲ.</strong></span> 
     </span>
    </p>
   </div>
  </div>
 </body>
</html>
