3436 5161
1401 1339 1552 1443 AD
1617 1337 2233 1443 TIBULLUM.

1724 1695 1981 1719 ,ἠὺ--

715 1977 842 2056 Qui
902 1979 1044 2060 post
1107 1972 1364 2059 longam
1423 1969 1957 2055 intercapedinem
2008 1970 2087 2035 ad
2136 1969 2467 2036 Tibullum
2520 1974 2809 2038 animum
2858 1993 3007 2039 con-

623 2085 821 2149 vertit
837 2129 854 2158 ,
918 2082 1172 2146 etiamsi
1231 2098 1358 2143 non
1417 2077 1494 2142 ad
1556 2095 1703 2142 suos
1766 2097 2013 2142 amores
2032 2123 2047 2153 ,
2115 2085 2283 2142 certe
2342 2083 2559 2144 tamen
2620 2079 2701 2146 ad
2762 2100 3009 2146 amores

621 2189 824 2273 redit3
885 2186 986 2269 id,
1050 2185 1218 2271 quod
1282 2191 1542 2272 gratum
1605 2203 1743 2248 esse
1802 2182 2101 2262 subinde,
2166 2205 2246 2249 ne
2304 2186 2439 2249 seni
2500 2185 2760 2269 quidem
2822 2187 3007 2252 fateri

622 2299 828 2380 turpe.
899 2291 1012 2358 Me
1056 2313 1224 2357 nunc
1271 2293 1508 2356 invitat
1552 2289 1633 2354 ad
1671 2287 1919 2354 Tibulli
1956 2288 2295 2356 lectionem
2334 2289 2687 2357 Romanus
2724 2291 3005 2370 Hmnua,

619 2401 855 2466 recenti
915 2399 1191 2464 editione
1252 2396 1450 2482 (apud
1505 2395 1578 2462 B.
1625 2393 1979 2460 Tauchnitz
2002 2441 2023 2472 ,
2073 2395 2313 2483 1885),
2360 2418 2522 2482 quae
2569 2417 2715 2463 cum
2764 2402 3009 2464 nitatur

621 2508 820 2592 copiis
879 2503 1362 2570 Baehrensianis
1383 2551 1401 2586 ,
1463 2503 1731 2566 minime
1795 2507 2010 2566 tamen
2066 2522 2209 2568 eam
2275 2505 2643 2590 aequiparat
2693 2525 2807 2572 nec
2856 2525 3007 2570 vero

620 2632 982 2697 comparem
1029 2630 1098 2675 se
1143 2611 1202 2674 ei
1249 2610 1608 2693 promittit,
1655 2608 1767 2673 aed
1810 2614 2030 2673 tutum
2076 2629 2143 2674 se
2189 2609 2417 2674 ducem
2466 2612 2723 2695 praebet
2760 2614 2817 2676 si
2865 2613 3007 2697 quis

619 2740 850 2807 purum
903 2738 940 2783 a
979 2717 1400 2783 recentiorum
1441 2716 1822 2781 coniecturis
1860 2722 1925 2779 et
1968 2712 2295 2801 figmentis
2334 2736 2707 2803 cognoscere
2754 2724 3005 2801 poetam

619 2828 856 2909 cupiat.
929 2822 1238 2887 Prudenti
1280 2821 1522 2886 iudicio
1567 2820 1798 2884 ductus
1844 2822 1913 2884 in
1961 2819 2271 2896 editione,
2320 2841 2479 2906 quae
2535 2827 3003 2888 annotationem

615 2933 684 2995 in
741 2930 1034 3017 margine
1077 2948 1202 2993 non
1249 2925 1662 3003 admittebat,
1713 2925 1999 2991 ordinem
2052 2946 2351 2992 versuum
2398 2929 2463 2992 in
2512 2928 2835 2995 codicibus
2880 2936 3006 2995 tra-

613 3036 826 3100 ditum
873 3038 1192 3100 intactum
1237 3034 1518 3098 servavit
1565 3030 1802 3115 editor;
1853 3052 2001 3096 nam
2042 3052 2155 3097 nec
2193 3030 2529 3098 Ribbeckii
2568 3036 2637 3098 in
2680 3054 2805 3100 una
2827 3081 2844 3111 ,
2888 3056 3003 3100 nec

613 3140 980 3207 Baehrensii
1025 3141 1094 3203 in
1141 3136 1431 3223 pluribus
1476 3135 1702 3223 elegiis
1748 3138 2249 3222 permutationes
2267 3185 2281 3212 ,
2332 3144 2407 3202 ut
2456 3146 2696 3205 taceam
2743 3139 2875 3205 iam
2924 3142 3002 3205 de

613 3248 725 3323 iis,
769 3265 930 3330 quae
969 3242 1375 3309 Lachmanno
1415 3248 1622 3307 aetate
1665 3250 2155 3325 antecesserant,
2199 3249 2376 3309 tanto
2422 3264 2677 3311 assensu
2703 3254 3001 3331 exceptae

611 3359 795 3429 sunt,
845 3357 919 3415 ut
965 3350 1042 3415 de
1089 3353 1170 3415 iis
1215 3348 1384 3433 apud
1423 3348 1638 3414 doctos
1674 3348 1805 3413 fere
1844 3356 2119 3427 constet;
2160 3352 2362 3415 immo
2402 3354 2538 3416 sine
2576 3354 2759 3417 novis
2782 3352 3000 3418 melio-

611 3459 914 3540 ribusque
953 3454 1252 3520 subsidiis
1291 3476 1418 3519 non
1464 3453 1616 3519 licet
1661 3474 1913 3539 sperare
1951 3455 2084 3520 fore
2128 3462 2200 3519 ut
2224 3456 2495 3523 editores
2521 3460 2599 3522 ad
2626 3477 2997 3523 consensum

607 3564 1003 3649 perveniant.
1073 3559 1228 3626 Veri
1290 3560 1529 3625 ordinis
1587 3561 1965 3625 restituendi
2026 3570 2287 3627 conatus
2350 3562 2573 3627 multis
2633 3564 2995 3628 obstructus

609 3675 705 3736 est
765 3668 1278 3753 impedimentis:
1347 3686 1583 3753 magna
1643 3665 2059 3750 simplicitate
2120 3687 2191 3733 ac
2254 3667 2551 3733 dictionis
2608 3666 2874 3735 flumine
2930 3690 2995 3735 se

609 3774 1058 3842 commendant
1103 3771 1410 3859 singula,
1473 3772 1754 3837 universi
1812 3774 2108 3837 carminis
2153 3794 2352 3838 nexus
2397 3780 2493 3839 est
2536 3793 2722 3859 saepe
2768 3776 2993 3841 obscu-

607 3902 718 3948 rus
736 3931 753 3961 ,
813 3888 889 3948 ut
935 3878 1231 3945 Tibullus
1278 3879 1602 3943 festinanti
1647 3875 1871 3942 lectori
1919 3877 2147 3963 planus
2193 3900 2327 3944 esse
2373 3880 2701 3958 videatur,
2747 3881 2995 3947 intelle-

607 3988 789 4075 genti
834 3992 900 4052 et
946 3978 1130 4050 docto
1165 3984 1502 4048 intricatus
1541 3984 1628 4047 sit
1647 4031 1665 4065 ,
1706 3990 1805 4059 et,
1847 3982 2101 4067 qualem
2144 3984 2403 4069 quidem
2444 3987 2805 4070 accepimus
2824 4036 2841 4071 ‚
2883 3989 2995 4053 vix

607 4094 732 4157 sibi
777 4096 1087 4157 constans.
1159 4087 1264 4153 Sic
1315 4088 1522 4175 elegia
1569 4096 1793 4154 octava
1840 4088 1989 4154 libri
2040 4091 2232 4173 primi
2280 4090 2463 4175 plura
2509 4090 2787 4156 continet
2832 4112 2993 4179 pug-

607 4200 826 4264 nantia
886 4217 1104 4262 secum
1169 4202 1235 4260 et
1293 4197 1626 4261 contraria.
1712 4192 2009 4268 Puellam
2073 4195 2416 4281 compellat
2470 4194 2544 4261 Τ.
2594 4198 2879 4263 vetulam
2930 4220 2989 4265 v.

609 4303 865 4369 9—16:

745 4408 786 4473 9
836 4408 986 4494 quid
1039 4408 1158 4472 tibi
1203 4429 1364 4471 nunc
1411 4404 1624 4471 mollis
1669 4406 1925 4490 prodest
1970 4406 2240 4473 coluisse
2286 4406 2589 4493 capillos?
2632 4444 2714 4460 --

702 4514 786 4580 12
832 4515 1068 4580 frustra
1109 4520 1228 4577 iam
1275 4518 1516 4595 vestes,
1562 4512 1797 4577 frustra
1842 4517 2175 4579 mutantur
2220 4518 2495 4579 amictus
2544 4552 2625 4565 —-
