3436 5161
1254 355 1531 406 umus
1574 354 1908 406 sosarnus.
2645 339 2782 410 2¹73

477 519 948 588 Testimonium
1010 525 1109 586 est
1168 519 1207 585 J
1212 520 1429 606 osephi
1494 521 1572 587 de
1626 519 1784 586 Jesu
1833 517 2124 598 Christo,
2176 521 2344 607 quod
2391 543 2612 590 omnes
2655 526 2782 590 nisi

388 626 577 693 fallor
621 627 810 692 hodie
858 625 1311 693 intellexerunt
1358 647 1491 693 esse
1538 629 1830 712 spurium
1853 673 1871 704 ,
1929 647 2076 692 cum
2125 648 2200 693 ea
2245 631 2536 714 pericope
2578 632 2780 695 inter·

387 730 603 818 polata
662 734 782 810 sit,
830 731 1010 798 locus
1056 739 1153 798 est
1201 734 1417 816 Antiq.
1475 731 1577 796 18.
1630 734 1692 796 3.
1745 731 1822 806 3,
1869 735 1958 800 iis.
2001 733 2393 818 temporibus
2437 754 2598 819 quae
2644 735 2780 802 fue-

282 857 295 865 ·
388 843 538 905 runt
584 822 752 903 inter
798 835 1140 924 Origenem
1190 843 1255 903 et
1302 837 1686 916 Eusebium;
1739 837 1848 904 sed
1896 837 2138 923 aliquid
2189 838 2337 904 addi
2375 860 2558 924 posse
2596 840 2778 906 vide-

389 952 497 1011 tur
531 965 656 1030 quo
698 949 833 1010 tota
868 947 1153 1030 quaestio
1195 943 1429 1010 melius
1466 943 1861 1022 illustretur,
1895 965 2042 1010 nam
2071 945 2137 1010 id
2165 947 2372 1031 ipsum
2403 947 2782 1014 admirabile

390 1055 515 1127 est,
568 1051 885 1136 quomodo
930 1049 1247 1135 Josephus
1296 1049 1387 1114 de·
1423 1047 1679 1115 Christo
1728 1056 1934 1115 tacere
1980 1054 2302 1136 potuerit,
2351 1073 2500 1117 cum
2547 1053 2782 1118 scribat

393 1158 606 1242 Antiq.
675 1155 782 1222 20.
850 1155 915 1222 9.
970 1158 1003 1221 1
1055 1155 1133 1222 de
1180 1153 1475 1241 pontifice
1522 1157 1784 1238 Anam,
1829 1159 1942 1240 qui
1987 1158 2153 1223 circa
2197 1178 2434 1223 annum
2489 1156 2568 1222 61
2635 1163 2782 1224 ante

392 1261 613 1328 Albini
676 1263 1025 1330 adventum
1086 1262 1164 1328 de
1225 1261 1476 1327 consilii
1522 1263 1837 1326 sententia
1884 1265 1987 1326 τὸν
2034 1263 2309 1344 ἀδελφὸν
2358 1272 2624 1329 ΙΗΣΟΥ
2671 1267 2780 1328 τοῦ

391 1367 732 1447 λεγομένου
796 1377 1167 1434 ΧΡΙΣΤΟΥ
1188 1415 1206 1446 ,
1271 1366 1570 1444 Ἰάκωβος
1634 1366 1823 1444 ὄνομα
1887 1368 2090 1450 αὐτῷ,
2157 1369 2267 1433 κοιΙ
2327 1393 2502 1442 τινας
2548 1369 2780 1450 ἐτέρους

392 1476 469 1546 ὡς
531 1477 1101 1556 παρανομησάντων
1169 1474 1550 1553 κατηγορίαν
1598 1473 2043 1552 ποιησάμενος,
2093 1474 2407 1555 παρέδωκε
2453 1478 2782 1552 λευσθησο-

392 1579 627 1660 μένους.
700 1581 892 1647 Hunc
950 1587 1119 1648 certe
1173 1581 1387 1646 locum
1436 1579 1607 1645 haud
1656 1579 1844 1646 facile
1891 1583 2034 1664 quis
2081 1586 2405 1670 expunget
2450 1582 2780 1648 videmus-

390 1708 513 1772 que
564 1690 701 1774 jam
764 1686 1109 1775 Origenem
1174 1693 1537 1772 ceterosque
1600 1693 1746 1772 post
1810 1707 1960 1752 eum
2022 1686 2182 1752 bene
2245 1687 2488 1753 multos
2555 1688 2779 1755 eadem

386 1793 657 1880 legisse,
722 1815 885 1879 quae
942 1793 1131 1860 hodie
1187 1793 1255 1858 in
1316 1795 1549 1859 nostris
1608 1792 1792 1858 libris
1851 1798 2032 1870 sunt,
2094 1813 2240 1876 nam
2293 1814 2442 1858 cum
2489 1795 2780 1860 scribunt

386 1904 637 1984 captam
687 1901 908 1966 urbem
958 1901 1137 1966 brevi
1174 1904 1318 1985 post
1356 1899 1581 1976 fuisse,
1627 1919 1778 1964 cum
1819 1899 1991 1964 Deus
2029 1898 2069 1964 J
2073 1900 2252 1964 acobi
2291 1921 2512 1966 necem
2553 1899 2780 1966 ulcisci

385 2003 584 2071 vellet
604 2052 621 2084 ,
660 2006 891 2074 leviter
928 2017 1139 2072 errant
1176 2010 1242 2072 et
1277 2005 1316 2071 J
1320 2004 1627 2092 osephum
1669 2007 2044 2071 memoriter
2078 2004 2416 2071 laudantes
2453 2005 2574 2073 Dei
2611 2009 2778 2074 iram

386 2118 683 2195 repetunt
730 2133 769 2178 a
814 2112 1003 2178 caede
1048 2111 1087 2177 J
1092 2113 1269 2178 acobi
1288 2159 1305 2189 ,
1360 2132 1510 2177 cum
1560 2113 1778 2196 Antiq.
1817 2109 1928 2176 20.
1969 2109 2030 2176 8.
2078 2110 2118 2175 5
2159 2117 2485 2197 repetatur
2518 2133 2557 2178 a
2587 2114 2778 2180 caede

385 2216 703 2302 pontificis
749 2217 788 2283 J
792 2220 1077 2303 onathis,
1126 2239 1317 2304 quem
1364 2217 1550 2283 Felix
1596 2217 1936 2282 interfecit.
2010 2214 2216 2303 Cupio
2265 2217 2485 2284 audire
2542 2221 2776 2304 quibus

388 2323 701 2390 machinis
756 2323 794 2390 J
800 2325 977 2390 scobi
1024 2326 1268 2390 mentio
1314 2343 1391 2388 ex
1438 2321 1695 2407 Josephi
1748 2315 2218 2406 exemplaribus
2263 2321 2586 2388 eliminari
2631 2345 2776 2411 pos-

386 2430 505 2514 sit3
570 2429 795 2494 deinde
857 2431 913 2494 si
974 2429 1041 2494 id
1102 2427 1238 2494 fieri
1294 2427 1475 2494 nullo
1534 2430 1796 2514 negotio
1855 2433 2102 2512 potest,
2161 2427 2354 2492 sicuti
2401 2437 2808 2512 persuasum'

387 2533 623 2613 habeo,
682 2555 915 2620 quaero
961 2533 1275 2620 quomodo
1322 2531 1359 2600 J
1366 2532 1639 2619 osephus
1686 2532 1960 2599 scribere
2007 2534 2290 2618 potuerit
2335 2533 2528 2599 verba
2547 2580 2564 2613 ,
2613 2555 2775 2621 quae

388 2660 579 2725 supra
624 2641 853 2725 attuli,
899 2644 1025 2707 nisi
1074 2640 1151 2707 de
1196 2640 1237 2707 J
1240 2660 1352 2706 esu
1400 2637 1657 2707 Christo
1702 2640 2119 2724 quantumvis
2166 2658 2368 2725 pauca
2412 2646 2561 2705 ante
2604 2648 2774 2707 retu-

386 2742 553 2811 lerit.
624 2746 723 2813 Ne
782 2749 901 2813 hoc
962 2747 1216 2832 quidem
1274 2748 1431 2813 satis
1491 2745 1881 2832 explicatum
1935 2744 2103 2828 vidi,
2169 2766 2276 2809 cur
2331 2744 2646 2832 Josephus
2692 2747 2772 2814 de

389 2847 645 2918 Christo
690 2855 949 2919 omnino
990 2854 1311 2919 tacuisset.
1377 2850 1643 2917 Messias
1682 2854 1742 2915 ei
1777 2855 1874 2915 est
1910 2848 2264 2935 Imperator
2302 2850 2732 2937 Vespasianus
2751 2900 2770 2931 ,

384 2952 549 3021 Bell.
597 2956 747 3024 Jud.
798 2956 860 3023 6.
914 2958 975 3023 5.
1026 2958 1101 3027 4:
1152 2964 1327 3025 estne
1365 2958 1486 3023 hoc
1526 2958 1681 3023 satis
1723 2976 1984 3040 causae,
2025 2976 2139 3021 cur
2178 2956 2257 3022 de
2303 2955 2456 3023 Jesu
2525 2955 2776 3025 taceat?

386 3058 459 3126 Si
522 3063 888 3131 credidisset
948 3063 1317 3149 propediem
1374 3062 1683 3129 Moesiam
1731 3082 1869 3127 esse
1914 3068 2256 3127 venturum
2273 3110 2292 3147 ,
2340 3062 2774 3151 intelligerem

384 3188 499 3233 our
558 3169 996 3237 Romanorum
1059 3170 1321 3237 auribus
1380 3171 1764 3256 pepercisset
1821 3188 1933 3233 nec
1993 3167 2344 3253 quidquam
2409 3168 2488 3235 de
2555 3175 2772 3237 vetere

384 3274 689 3341 vaticinio
752 3277 993 3343 hiscere
1054 3297 1247 3343 ausus
1306 3276 1531 3341 fuisset
1546 3295 1565 3353 ;
1629 3274 1741 3341 sed
1797 3275 2148 3341 secundum
2217 3274 2567 3362 Josephum
2630 3281 2768 3365 jam

387 3379 712 3447 descendit
748 3382 826 3449 de
863 3383 1036 3450 coelo
1074 3385 1143 3449 in
1182 3382 1613 3448 Palaestinam
1652 3380 1926 3447 Messias
1963 3386 2182 3467 estque
2220 3384 2278 3448 is
2319 3402 2507 3468 quem
2550 3404 2770 3451 omnes

387 3485 605 3553 colunt
649 3488 975 3555 Romanus
1022 3488 1389 3574 Imperator.
1438 3486 1571 3552 Gur
1616 3488 1828 3574 magis
1873 3490 2206 3553 metuisset
2251 3488 2330 3554 de
2375 3487 2529 3555 Jesu
2565 3489 2774 3557 dicere

384 3611 579 3677 quam
640 3594 718 3660 de
760 3592 929 3660 Juda
975 3592 1319 3661 Gaulonita
1366 3592 1473 3659 vel
1519 3594 1746 3678 quovis
1791 3590 2200 3658 Zelotarum?
2268 3594 2558 3661 Dixerim
2607 3596 2772 3662 nihil

383 3700 445 3764 ei
490 3700 907 3785 periculosius
952 3700 1245 3766 debuisse
1292 3698 1499 3766 videri
1547 3718 1739 3783 quam
1789 3697 2120 3764 silentium
2159 3698 2425 3786 plenum
2463 3702 2770 3785 suspicio-

383 3807 501 3871 nis.
553 3805 824 3873 Accedit
864 3827 939 3872 ea
973 3804 1193 3871 Jacobi
1230 3805 1451 3872 caedes
1490 3809 1555 3870 et
1591 3804 1828 3869 frustra
1869 3805 2143 3883 erimus,
2185 3808 2242 3870 si
2281 3810 2498 3885 Χριςοῦ
2538 3826 2770 3872 nomen

382 3912 476 3975 ibi
540 3932 903 4000 expungere
965 3910 1273 3977 velimus:
1334 3910 1487 3996 quid
1546 3912 1717 3975 enim
1779 3909 1899 3975 hoc
1960 3916 2056 3976 est-
2117 3911 2498 3997 simpliciter
2564 3911 2772 3977 dicere

384 4038 636 4083 caesum
702 4018 899 4085 fuisse
960 4016 999 4082 J
1004 4018 1269 4084 acobum
1334 4014 1369 4082 J
1377 4038 1489 4082 esu
1552 4016 1814 4081 fratrem
1835 4063 1852 4094 ,
1919 4037 2066 4081 cum
2135 4022 2482 4103 utrumque
2539 4038 2770 4085 nomen

384 4123 550 4209 apud
598 4122 875 4190 Judaeos
924 4128 1060 4188 tam
1108 4131 1271 4189 esset
1318 4120 1585 4211 vulgare
1631 4142 1827 4208 quam
1875 4121 2031 4187 Titii
2079 4122 2186 4189 vel
2232 4122 2521 4191 Maevii?

476 4228 899 4315 Inspiciamus
952 4228 1174 4293 Photii
1222 4228 1711 4295 Bibliothecam.
1783 4225 1911 4293 Hic
1957 4232 2054 4293 ter
2101 4228 2179 4294 de
2223 4227 2500 4315 Josepho
2543 4232 2770 4299 retulit

384 4340 448 4402 et
508 4336 707 4403 semel
771 4336 848 4401 de
902 4338 1039 4421 ejus
1102 4335 1459 4402 adversario
1518 4334 1723 4401 Justo.
1809 4332 2141 4400 Recitatus
2185 4334 2348 4421 fuit,
2395 4336 2768 4405 Patriarcba

378 4444 627 4528 inquit,
676 4438 891 4509 Codex
931 4440 1017 4509 76
1036 4490 1055 4525 ,
1096 4460 1221 4527 quo
1260 4440 1744 4507 continebantur
1781 4442 2020 4528 viginti
2055 4439 2210 4506 libri
2244 4442 2726 4529 Antiquitatum
2739 4462 2761 4524 ς
