3436 5161
1409 375 1807 432 naonowus.
2712 361 2801 433 29

511 543 624 612 VI.
695 545 778 612 17
846 547 872 611 ὃ
937 547 1004 612 δὲ
1064 547 1228 619 ἰθέως
1293 549 1369 619 ὦς
1417 543 1557 628 εἶχε
1607 547 1806 614 ἔπλωε
1861 549 1921 620 ἐς
1974 549 2267 623 Φοινίκην.
2338 548 2553 615 Huius
2609 551 2807 616 abun-

421 651 674 719 dantiae
734 651 908 738 (nam
970 655 1048 726 ὥς
1097 649 1232 733 εἶχε
1280 657 1539 740 ponitur
1582 675 1696 742 pro
1742 655 1942 742 εὐθὺς)
1991 655 2168 722 aliud
2216 655 2584 743 exemplum
2631 657 2799 741 apud

419 766 708 827 nostrum
752 781 877 826 non
923 763 1192 846 repperi.
1262 759 1474 836 Quare
1517 761 1682 834 ἰθέως
1728 763 2086 848 genuinum
2124 783 2257 828 esse
2297 783 2422 828 non
2460 761 2754 848 spondeo·

511 971 623 1036 VI.
688 970 778 1037 22
845 973 1099 1049 Σαμίων
1164 971 1226 1038 δὲ
1289 973 1450 1040 τοῖσί
1510 999 1568 1040 τι
1629 972 1805 1062 (vat.
1868 975 1966 1062 τε)
2018 971 2227 1055 ἔχουσι
2274 974 2344 1039 τὸ
2390 975 2504 1054 μὲν
2551 975 2611 1046 ἐς
2657 974 2798 1048 τοὺς

421 1076 666 1151 Μήδους
732 1077 798 1144 ἔκ
848 1085 964 1143 τῶν
1010 1085 1375 1159 στρατηγῶν
1419 1087 1536 1144 τῶν
1584 1081 1891 1162 σφετέρων
1942 1081 2177 1155 ποιηθὲν
2225 1079 2500 1156 οὐδαμῶς
2550 1081 2803 1163 ἤρεσκε,

425 1182 622 1249 ἐδόκεε
668 1184 729 1249 δὲ
786 1222 862 1233 -—
914 1186 976 1255 ἐς
1017 1184 1300 1259 ἀποικίην
1341 1186 1652 1251 ε’κπλώειν.
1720 1184 1917 1251 S'rlmt
1958 1186 2121 1265 „den
2162 1185 2611 1265 Besitzenden‚
2654 1183 2807 1252 Ver-

423 1289 817 1377 miigenden”
879 1291 1318 1372 unqewc‘ihnlicb
1360 1292 1484 1378 stit·
1528 1299 1683 1358 τοῖσι
1733 1291 1965 1372 ἔχουσι.
2038 1293 2220 1356 sache
2263 1294 2393 1356 und
2434 1293 2809 1358 Zmammen·

421 1397 580 1478 bouq
625 1399 820 1461 luccen
869 1405 1025 1462 τοῖσι
1075 1401 1374 1476 περιεοῦσι
1422 1399 1568 1462 oder
1611 1400 1765 1462 auch
1810 1397 2219 1480 τριηράρχοισι
2266 1399 2429 1484 (cap.
2478 1398 2588 1484 14)
2628 1421 2807 1480 anye-

425 1525 712 1568 meseener
785 1504 1144 1568 eru-heim.
1237 1507 1480 1569 Neutra
1548 1507 1909 1570 coniectura
1972 1503 2339 1590 probabilis.
2430 1504 2576 1570 Non
2642 1503 2809 1570 solos

424 1611 815 1691 trierarchos,
879 1609 989 1674 sed
1050 1608 1364 1694 plurimos
1429 1609 1677 1676 Samios
1734 1613 1803 1676 in
1865 1608 2156 1676 Siciliam
2214 1613 2551 1698 navigasse
2598 1605 2809 1697 prodit

424 1735 688 1800 sequens
752 1719 1058 1800 narrati0‚
1121 1735 1235 1780 neo
1294 1736 1442 1782 vero
1504 1736 1726 1782 omnes
1783 1718 1894 1801 qui
1941 1722 2083 1802 post
2130 1736 2412 1804 pugnam
2464 1717 2544 1782 ad
2590 1716 2805 1782 Laden

423 1821 858 1904 superfuerunt
895 1841 968 1887 eo
1007 1841 1074 1886 se
1123 1819 1496 1898 contulisse,
1541 1821 1649 1887 sed
1697 1827 1941 1907 partem
1984 1842 2201 1887 eorum
2229 1821 2406 1890 Sami
2430 1823 2805 1888 remansisse

425 1933 684 2013 apparet
723 1949 758 1993 e
797 1929 1004 2012 capite
1044 1925 1153 1992 25.
1202 1924 1435 1994 Contra
1474 1926 1657 1993 valde
1696 1928 1863 1992 mihi
1902 1928 2158 2013 quidem
2187 1927 2511 2013 probabile
2549 1929 2808 1993 videtur

329 2095 334 2098 .
425 2032 734 2119 profectos
779 2053 912 2099 esse
950 2031 1114 2098 solos
1152 2031 1632 2118 locupletiores,
1673 2033 1783 2099 sed
1824 2035 1993 2099 cives
2034 2035 2384 2119 tenuiores,
2428 2035 2537 2120 qui
2578 2054 2808 2120 parum

425 2160 645 2204 curare
677 2138 920 2205 soleant
957 2159 1171 2204 rerum
1207 2142 1679 2217 conversiones,
1720 2141 1995 2224 patriam
2034 2161 2158 2205 non
2181 2139 2533 2225 reliquisse.
2561 2139 2807 2222 Quare,

424 2245 478 2310 si
541 2245 694 2330 quid
752 2245 1115 2311 novandum
1180 2248 1298 2324 sit,
1366 2247 1579 2332 potius
1641 2254 1753 2311 aut
1813 2267 1959 2312 eum
2033 2245 2483 2313 Valckenaerio
2552 2247 2809 2335 legatur

425 2353 774 2434 παχέεσσι,
816 2359 928 2418 aut
965 2351 1211 2435 lenius,
1254 2359 1595 2437 praeeunte
1635 2351 2239 2439 schweighausero,
2272 2352 2557 2418 deleatur
2579 2351 2808 2419 vocula

427 2458 507 2522 τὶ.
597 2458 770 2523 Fieri
831 2465 1048 2524 tamen
1111 2465 1320 2542 potest
1383 2464 1454 2523 ut
1517 2461 1787 2545 scriptor
1838 2478 1976 2524 eam
2027 2457 2317 2524 voculam
2367 2458 2443 2524 de
2492 2459 2809 2524 industria

425 2564 740 2631 addiderit
788 2586 912 2651 quo
959 2563 1345 2653 significaret
1388 2585 1514 2631 non
1553 2564 1763 2631 solum
1808 2564 2040 2631 divites
2081 2564 2190 2631 sed
2228 2567 2484 2631 omniuo
2524 2585 2629 2631 eos
2668 2563 2807 2649 qui-

427 2673 545 2737 bus
590 2672 829 2758 aliquid
880 2678 1048 2737 esset
1093 2674 1354 2757 pretiosi
1397 2692 1594 2737 novas
1636 2672 1814 2737 sedes
1852 2672 2175 2757 petivisse.
2227 2670 2409 2750 Quod
2445 2673 2500 2737 si
2534 2674 2627 2737 ita
2671 2673 2802 2749 est,

424 2776 659 2845 melius
703 2778 967 2844 fortasse
1014 2798 1208 2864 ponas
1253 2777 1370 2844 hos
1415 2782 1749 2845 accentus:
1793 2784 1949 2843 τοῖσι
2001 2776 2061 2843 τὶ
2110 2774 2340 2859 ἔχουσι.

513 2990 625 3057 VI.
682 2990 788 3057 31.
843 2992 922 3055 ‘0
971 2989 1033 3055 δὲ
1079 2991 1361 3062 ναυτικὸς
1410 2992 1630 3070 ςρατὸς
1684 2990 1710 3054 ὃ
1762 2988 2036 3069 Περσέων
2081 2988 2446 3070 χειμερίσας
2498 2988 2629 3071 περ)
2683 2988 2808 3054 Μί-

403 3112 644 3175 λητον,
712 3096 797 3178 τῷ
840 3096 1092 3175 δευτέρῳ
1139 3096 1266 3163 ἔτεϊ
1309 3097 1385 3167 ὡς
1428 3098 1789 3175 ἀνέπλωσε,
1840 3096 2025 3176 αἱρέει
2073 3096 2375 3168 εὐπετέως
2424 3099 2541 3167 τοὶς
2597 3100 2806 3171 νήσους

423 3203 543 3270 τὰς
609 3204 752 3283 πρὸς
817 3212 894 3285 τῇ
955 3204 1172 3283 ἠπείρῳ
1239 3203 1560 3280 κειμένας,
1622 3211 1763 3268 Χῖον
1840 3202 1944 3267 καὶ
2027 3201 2275 3281 Λέσβον
2353 3202 2457 3268 καὶ
2532 3202 2807 3268 Τένεδον.

426 3306 667 3378 Ὅκως
731 3310 808 3373 δὲ
873 3307 1124 3384 λοὶβοι
1187 3309 1370 3373 τινὰ
1432 3314 1576 3373 τῶν
1625 3310 1917 3386 νήσων,
1964 3311 2054 3382 ὦς
2106 3308 2462 3384 ἑκάστην
2512 3308 2809 3388 αἱρέον-

425 3438 558 3487 τες
617 3416 668 3480 οἱ
735 3413 1042 3496 βάρβαροι
1105 3414 1470 3492 ἐσαγήνευον
1536 3417 1676 3486 τοὺς
1742 3415 2099 3494 ἀνθρώπους.
2190 3414 2503 3495 Quoniam
2556 3434 2809 3499 prorsus

423 3520 593 3587 idem
659 3520 978 3608 significat
1039 3522 1114 3591 ὦς
1179 3520 1448 3593 ἑκάστην
1513 3521 1809 3599 αἱρέοντες
1879 3522 1955 3607 (οἱ
2018 3519 2353 3605 βάρβαροι)
2421 3520 2590 3606 quod
2657 3518 2805 3594 ὅκως

425 3626 614 3704 λάβοι
669 3626 723 3711 (ὅ
771 3626 1054 3698 ναυτικὸς
1101 3628 1363 3705 στρατὸς
1414 3627 1442 3691 ὅ
1490 3628 1792 3707 Περσέων)
1838 3628 1975 3691 τινα
2026 3634 2143 3691 τῶν
2194 3628 2384 3702 νήσων
2401 3673 2435 3709 ,-
2467 3630 2534 3691 in
2576 3628 2809 3711 quibus

425 3734 638 3799 verbis
697 3739 814 3798 τῶν
878 3734 1066 3808 νήσων
1121 3751 1251 3798 -non
1311 3734 1466 3799 satis
1523 3739 1815 3799 accurate
1860 3734 2102 3798 dictum
2152 3740 2247 3799 est
2291 3753 2405 3819 pro
2453 3740 2569 3797 τῶν
2617 3736 2805 3807 νήσων

425 3838 689 3924 τούτων,
731 3842 1154 3926 suspicionem
1196 3860 1480 3924 premere
1520 3860 1763 3925 nequeo
1798 3840 1991 3905 verba
2037 3834 2185 3909 ὅκως
2211 3875 2295 3887 -
2323 3838 2510 3912 νήσων
2548 3838 2807 3905 fluxisse

428 3964 506 4011 ex
544 3946 806 4031 antiqua
843 3945 1102 4012 illorum
1145 3946 1476 4011 verborum
1507 3946 2027 4030 interpretatione
2052 3952 2115 4010 et
2138 3942 2535 4010 Herodotum
2563 3945 2808 4010 dedisse

424 4052 527 4117 bis
573 4054 864 4117 omissis:
915 4056 992 4121 ὦς
1042 4050 1223 4131 <δ“>
1271 4050 1538 4125 ἑκάστην
1582 4052 1879 4129 αἱρέοντες
1921 4050 2053 4116 κτὲ.
2115 4050 2258 4115 Non
2300 4057 2510 4115 autem
2552 4070 2807 4136 persua-

427 4160 514 4223 sit
561 4144 724 4223 'mihi
767 4156 967 4224 Cobet
1013 4160 1333 4244 corrigens
1379 4154 1608 4233 αἵρεον,
1659 4160 1771 4243 qui
1817 4160 1870 4222 si
1917 4158 2121 4222 haesit
2162 4158 2227 4220 in
2268 4156 2591 4240 participii
2632 4174 2809 4240 prae-

426 4264 625 4329 sentis
671 4285 788 4328 usu
839 4284 951 4350 pro
998 4264 1335 4348 praeterito
1359 4314 1373 4339 ,
1423 4284 1547 4328 non
1596 4264 1780 4329 video
1830 4285 1943 4329 cur
1990 4262 2321 4328 admiserit
2358 4262 2807 4345 imperfectum

428 4366 621 4451 αἵρεον
670 4390 781 4455 pro
830 4374 1064 4435 aoristo
1110 4363 1306 4445 εἶλον,
1368 4391 1514 4433 nam
1567 4372 1701 4455 ipse
1752 4373 1943 4435 vertit
1990 4378 2059 4433 ut
2098 4390 2385 4453 quamque
2445 4384 2810 4443 curuum,

429 4482 504 4545 ut
553 4484 792 4543 taceam
841 4480 935 4542 ita
982 4473 1212 4542 saltem
1261 4479 1577 4561 expectari
1624 4478 1985 4562 optativum
2036 4474 2295 4557 αίρέοι
2316 4497 2429 4551 εν,
2502 4471 2809 4560 quemad-
