3436 5161
686 373 820 440 380
1545 391 1819 441 ramus
1864 387 2199 440 sosarnus.

685 552 762 620 ὧν
825 555 1140 638 Φερώρᾳ
1199 562 1404 629 καλῶς
1455 551 1663 642 εἶχεν,
1713 578 1863 622 nam
1912 576 2037 622 non
2084 563 2235 623 sunt
2279 555 2538 643 quidem
2586 559 2800 622 omnia
2844 577 3077 643 usque·

687 683 935 748 quaque
981 663 1310 748 expedita,
1357 663 1466 729 sed
1515 663 1810 730 videmus
1856 671 2071 730 tamen
2116 663 2273 730 haee
2321 685 2457 730 esse
2502 662 2777 730 Herodis
2824 664 2902 729 ad
2948 663 3079 728 fra-

685 775 848 836 trem
906 771 1100 837 verba
1145 778 1212 836 et
1255 772 1324 835 in
1370 770 1610 838 directa
1654 773 1937 837 oratione
1984 773 2331 856 requiritur
2374 773 2707 838 vocativus
2756 770 3074 850 Φερώρα.

772 981 1056 1050 Herodes
1102 1004 1213 1071 per
1261 989 1578 1049 tormenta
1623 985 2134 1070 interrogaturus
2179 983 2493 1051 Pherorae
2528 1003 2789 1050 uxorem
2805 1029 2823 1059 ‚
2851 983 3072 1066 Antiq.

684 1087 790 1156 17.
839 1093 903 1155 4.
951 1089 992 1156 2
1012 1136 1029 1169 ‚
1091 1093 1548 1176 impunitatem
1611 1089 1950 1176 pollicetur
2016 1094 2072 1156 si
2118 1089 2355 1157 mulier
2401 1110 2550 1157 vera
2595 1090 2859 1167 dixerit,
2907 1110 2993 1169 τρ
3013 1087 3071 1152 b-

683 1202 736 1277 ψ
755 1220 868 1262 ειν
917 1220 998 1275 γε
1042 1197 1164 1275 μην
1212 1205 1423 1270 κακοῖς
1471 1205 1597 1269 τοῖς
1645 1195 1891 1270 ὑτάτοις
1933 1199 2308 1277 ἀγνωμονεῖν
2350 1195 2712 1276 προθεμένην
2752 1195 3073 1275 ὑπισχνεῖ-

681 1325 806 1368 ται.
871 1301 1202 1369 Bekkerus
1261 1305 1497 1384 τρίψειν
1560 1302 1797 1380 edidit,
1858 1305 2221 1389 scripserim
2268 1303 2566 1388 equidem
2616 1325 2710 1366 πε
2730 1300 3069 1382 ριὲψειν.

680 1406 923 1475 Deinde
983 1412 1051 1474 in
1110 1412 1398 1495 sequenti
1459 1408 1857 1496 paragrapho
1919 1413 2075 1474 satis
2124 1419 2219 1476 est
2263 1410 2457 1476 verbo
2504 1409 2784 1474 indicare
2831 1407 3071 1493 requiri

681 1516 1028 1596 εὑρίσκεται
1085 1516 1419 1598 Φάρμακον
1485 1514 1856 1596 κομίζειν
1919 1516 2179 1582 δώσων
2230 1526 2308 1598 τῇ
2372 1539 2443 1581 τε
2490 1517 2682 1580 αὑτοῦ
2728 1511 2912 1595 μητρὶ
2959 1512 3069 1576 καὶ

685 1621 959 1706 Φερώρᾳ,
1011 1642 1138 1687 non
1185 1620 1528 1701 κομίζων
1578 1622 1841 1688 δώσων
1888 1627 1953 1688 et
1998 1621 2600 1688 ἀπαλλάσσειν
2648 1620 2908 1702 Φάσκων
2956 1621 3071 1684 αὖ·

680 1729 766 1794 τὰ
810 1727 1147 1810 μειράκια,
1196 1748 1320 1794 non
1364 1729 1933 1794 ἀπαλλάσσει.

769 1942 842 2007 In
901 1939 1106 2008 literis
1167 1942 1246 2008 ad
1295 1925 1725 2030 'Antipatrum
1790 1942 1957 2007 datis
2018 1941 2331 2027 quaedam
2392 1941 2680 2006 Herodes
2737 1941 2813 2006 de
2859 1947 3069 2006 matre

679 2053 818 2115 eius
878 2056 1140 2134 questus
1195 2054 1325 2128 est,
1389 2050 1606 2134 Antiq.
1662 2047 1767 2114 17.
1818 2047 1877 2112 5.
1937 2048 2013 2113 l:
2078 2045 2221 2126 ἅμα
2275 2055 2385 2123 τῆς
2432 2046 2660 2126 μητρός
2712 2053 3067 2128 κατηγορῶν

675 2157 756 2226 ὥς
818 2153 1060 2237 ὀλίγον,
1124 2153 1232 2220 sed
1281 2152 1453 2220 malo
1501 2156 1690 2233 πρὸς
1740 2154 1869 2220 ὅλί
1880 2177 2044 2233 γον.
2114 2153 2358 2220 Deinde
2407 2155 2743 2240 Antipater
2786 2152 3063 2220 Romam

675 2259 980 2346 relinquit
1041 2267 1106 2326 et
1168 2267 1504 2347 postquam
1569 2259 1867 2348 Ciliciam
1930 2263 2193 2348 attigit,
2259 2267 2374 2325 τῶν
2430 2263 2632 2342 φίλων
2676 2261 2729 2326 οἱ
2776 2260 2889 2338 μὲν
2937 2259 3064 2324 ἐκέ-

677 2382 852 2433 λευον
913 2369 1100 2432 αὐτὸν
1160 2369 1421 2432 ταῦτά
1485 2392 1572 2450 πῃ
1635 2368 2092 2448 καραδοκοῦντα
2154 2365 2443 2448 ἐπέχειν,
2506 2369 2621 2433 nbi
2678 2367 2894 2456 legam
2956 2367 2989 2430 ἒ
3004 2391 3065 2429 ν·

677 2475 937 2542 ταῦθά
985 2499 1087 2557 πῃ.

767 2690 842 2755 In
900 2690 1258 2755 narratione
1299 2687 1377 2755 de
1422 2691 1761 2774 Antipatro
1808 2708 1933 2775 quo
1977 2689 2109 2754 fato
2156 2690 2416 2774 perierit
2434 2738 2453 2775 ,
2519 2708 2711 2776 qnam
2758 2691 3063 2754 narratio-

673 2818 820 2863 nem
885 2803 1086 2863 totam
1138 2814 1216 2861 ex
1260 2793 1322 2860 Ν
1326 2794 1526 2861 icolao
1570 2794 1829 2861 fluxisse
1874 2794 2061 2862 video
2082 2842 2099 2871 ,
2152 2814 2375 2879 operae
2420 2797 2699 2880 pretium
2748 2801 2846 2859 est
2890 2794 3060 2859 indi-

671 2922 812 2969 care
878 2900 1096 2988 quales
1159 2902 1430 2967 editores
1491 2902 1819 2987 hucusque
1879 2900 2154 2986 Josepho
2218 2903 2607 2967 obvenerint.
2694 2900 2899 2967 Locus
2964 2906 3063 2967 est

671 3012 890 3094 Antiq.
958 3008 1062 3074 17.
1113 3008 1176 3073 5.
1225 3009 1284 3073 4.
1359 3006 1658 3073 Testatur
1717 3006 1996 3073 nefarius
2059 3008 2426 3074 adulescens
2489 3008 2777 3087 Καίσαρα
2840 3008 3059 3080 ἐπίσης

671 3118 754 3197 τῷ
816 3115 924 3196 θεῷ
982 3115 1380 3189 ἀπατηθῆναί
1439 3116 1504 3179 οί
1560 3113 1729 3179 ὄντα.
1804 3114 1921 3179 Est
1967 3113 2121 3179 haec
2168 3116 2482 3198 scriptura
2529 3115 2758 3198 optimi
2806 3110 3062 3179 Codicis

668 3221 878 3309 Lugd.
923 3220 1188 3299 Batavi,
1251 3240 1440 3305 quem
1507 3218 2016 3305 Havercampius
2078 3240 2287 3305 presse
2348 3221 2525 3303 aequi
2572 3219 2769 3302 solet,
2807 3221 2863 3283 si
2901 3218 3061 3304 quid

667 3329 830 3394 forte
905 3329 1054 3393 vitii
1129 3326 1322 3392 habet
1341 3374 1358 3403 ‚
1420 3347 1571 3392 nam
1633 3328 1996 3411 ceteroquin
2058 3327 2253 3391 bonas
2316 3324 2619 3391 lectiones
2679 3327 3059 3391 contemtim

669 3435 907 3511 abiicit,
982 3437 1188 3498 Antea
1249 3439 1466 3499 tamen
1519 3440 1686 3499 recte
1732 3432 2099 3520 legebatur:
2150 3434 2546 3507 ἀπατηθῆναι
2594 3426 2711 3497 οἶόν
2758 3431 2821 3495 τ’
2870 3432 3018 3498 ὄντα
3040 3480 3059 3511 ,

664 3539 734 3605 id
782 3538 948 3625 quod
993 3537 1391 3624 Epiphanius
1437 3542 1634 3605 vertit
1679 3550 1755 3603 ut
1802 3537 2055 3605 debuit:
2098 3560 2266 3625 quem
2304 3540 2475 3603 iuxta
2514 3561 2588 3604 ac
2620 3539 2811 3603 Deum
2822 3540 3061 3625 fallere

663 3668 826 3711 nemo
878 3656 1094 3725 posset.
1165 3644 1338 3711 Aliis
1396 3646 1668 3711 scribere
1715 3644 1990 3730 placuit:
2042 3644 2141 3708 ἐπ’
2182 3643 2315 3719 ίσης
2363 3647 2447 3726 τῷ
2498 3646 2607 3725 θεῷ
2658 3646 3054 3721 ἀπατηθῆναι

665 3754 771 3831 μη
815 3747 931 3819 οἶόν
978 3776 1050 3817 τε
1097 3748 1282 3817 dura!

755 3974 968 4056 Antiq.
1028 3970 1126 4039 17.
1183 3970 1242 4035 5.
1293 3968 1366 4033 6:
1434 3967 1631 4035 ὁπόσα
1664 4019 1678 4034 .
1712 4017 1727 4033 .
1760 4021 1774 4036 .
1806 4018 1821 4033 .
1871 3968 2257 4051 Ἀντιπάτρῳ
2322 3972 2631 4048 ἠσέλγητο
2683 3964 2854 4045 μετὰ
2900 3966 3055 4034 οἴνου

663 4060 772 4143 καὶ
833 4078 1091 4155 λύμης
1157 4076 1473 4156 ἐρωτικῆς,
1537 4074 1835 4144 emenda:
1903 4074 2244 4151 λύσσης.
2318 4076 2464 4142 Non
2509 4079 2725 4142 minus
2770 4074 3055 4141 luculen-

665 4198 808 4249 tum
869 4186 1100 4251 vitium
1164 4189 1260 4249 est
1322 4184 1535 4267 Antiq.
1594 4180 1696 4247 17.
1748 4180 1811 4246 6.
1864 4181 1923 4247 3.
1992 4180 2221 4248 Coram
2288 4202 2451 4270 reget
2498 4182 2901 4248 adducuntur
2960 4180 3051 4245 rei

663 4288 863 4357 Judas
908 4304 973 4357 et
1018 4289 1334 4355 Matthias
1381 4310 1612 4375 eosque
1660 4310 1770 4353 rex
1816 4291 2171 4376 interrogat
2219 4290 2271 4353 εί
2318 4290 2697 4367 τολμήσειαν
2734 4291 2927 4355 αὑτοῦ
2980 4286 3051 4352 τὸ

661 4397 958 4475 ἀνάθημα
1009 4398 1309 4462 καθελεῖν.
1355 4394 1540 4461 Nihil
1587 4398 1780 4462 veriti
1826 4398 1992 4461 senis
2038 4399 2407 4473 saevitiam,
2438 4396 2848 4481 respondent:
2874 4393 3049 4459 ἀλλὰ

665 4502 768 4571 καὶ
818 4502 1337 4585 πεφρόνηταί
1379 4525 1460 4579 γε
1509 4502 1650 4579 ἡμῖν
1695 4502 1783 4567 τὰ
1828 4503 2343 4585 φρονηθέντα
2400 4500 2505 4566 καὶ
2554 4502 2913 4585 πέπρακται
2960 4498 3047 4565 τὶ
