3436 5161
639 337 768 404 198
1671 351 1996 400 nonanus.

631 520 770 604 bet,
817 517 1048 585 fefellit
1090 539 1237 584 eum
1286 519 1487 594 rati03
1535 537 1661 582 non
1707 517 1921 602 mag-is
1971 517 2143 580 enim
2194 514 2613 582 Homericum
2658 523 2753 584 est
2796 518 3033 598 ἄγχόθι

633 647 827 712 quam
875 629 1113 706 ἀγχοῦ.

721 731 888 812 Quid
955 734 1159 819 igitur
1217 737 1312 796 ost
1377 726 1512 796 rei?
1581 728 1757 793 Illud
1806 730 2023 808 ἄγχοῦ
2074 749 2387 814 nusquam
2436 733 2749 815 reperitur
2791 733 2917 796 nisi
2960 734 3034 796 in

631 859 849 905 versus
894 840 1163 904 introitu
1185 885 1201 915 ,
1251 843 1315 902 et
1365 857 1617 921 semper
1664 835 1795 900 fere
1848 837 1915 898 in
1968 835 2321 901 locutione:

1177 945 1392 1022 ἄγχοῦ
1441 941 1492 1006 δ’
1545 940 1874 1018 ἱστάμενος
1924 941 2031 1006 vel
2079 942 2407 1018 ἱσταμένη.

630 1047 796 1118 Cum
864 1071 1013 1116 vero
1074 1051 1165 1114 sic
1227 1050 1390 1115 desit
1451 1049 1755 1112 indicatio
1820 1067 2119 1132 personae
2183 1050 2287 1112 cui
2362 1051 2505 1134 quis
2550 1071 2742 1136 prope
2786 1049 3032 1128 adstet,

631 1167 872 1224 certum
923 1157 1084 1222 duco
1106 1204 1122 1234 ,
1170 1154 1326 1221 olim
1373 1158 1710 1219 recitatum
1762 1154 1994 1218 fuisse:

1185 1261 1349 1341 ἄγχι
1399 1259 1463 1324 δέ
1511 1259 1558 1325 r'
1607 1258 1939 1337 ι’στᾶμενος
1990 1259 2095 1326 vel
2136 1259 2463 1336 ἱσταμένη.

635 1371 1064 1436 Evanescente
1125 1369 1310 1434 litera
1371 1366 1608 1432 aeolica
1634 1415 1650 1443 ,
1717 1363 1954 1431 hiatus'
1980 1365 2305 1432 oriebatur
2348 1388 2473 1432 non
2522 1365 2917 1444 tolerandus,
2966 1373 3032 1432 et

637 1475 806 1558 ἄγχι
871 1477 920 1540 δ’
985 1476 1308 1552 ἱστάμενος
1375 1475 1789 1558 pronunciare
1850 1480 2227 1558 coeperunt;
2300 1479 2444 1538 tum
2522 1494 2667 1538 vero
2744 1479 3031 1540 vetustae

633 1585 875 1650 formae
937 1581 1139 1664 ἄγχι,
1209 1601 1370 1665 quae
1431 1585 1711 1644 metrum
1786 1578 2019 1644 violare
2082 1577 2458 1663 videbatur,
2524 1580 2876 1644 substituta
2932 1589 3029 1644 est

636 1691 889 1779 longior
935 1697 999 1754 et
1045 1691 1353 1755 recentior
1399 1691 1612 1765 ἀγχοῦ
1642 1682 1717 1768 1).

609 1815 615 1822 ·
731 1795 1130 1862 correctione
1189 1795 1467 1858 indicata
1527 1795 1721 1879 egent
1780 1810 1999 1855 versus
2068 1801 2109 1854 Β
2182 1789 2351 1874 172,
2422 1789 2591 1868 790,
2652 1799 2696 1856 Γ
2754 1791 2917 1869 129,
2969 1803 3022 1856 Δ

643 1902 761 1980 92,
813 1901 982 1978 203,
1031 1910 1081 1964 Ε
1138 1898 1295 1975 123,
1351 1909 1407 1964 Λ
1465 1895 1628 1981 199,
1679 1905 1739 1962 N
1792 1893 1959 1976 462,
2010 1893 2175 1972 768,
2232 1905 2272 1962 Ξ
2326 1895 2494 1974 356,
2550 1895 2814 1974 0173,
2856 1897 3025 1976 243,

643 2021 696 2076 n
767 2007 919 2086 53¹7,
985 2018 1026 2072 P
1097 2004 1263 2080 684,
1332 2015 1381 2068 Σ
1451 2001 1615 2085 169,
1681 2013 1731 2067 x
1798 2001 1967 2080 215,
2018 2001 2188 2085 228,
2242 2012 2311 2066 Ω
2365 2001 2473 2079 87,
2526 2003 2561 2066 δ
2607 2001 2732 2086 25,
2780 2029 2808 2068 ε
2860 2004 3023 2082 159,

642 2142 668 2182 ο
735 2115 811 2192 9,
878 2139 908 2194 ρ
973 2111 1139 2189 349,
1209 2110 1377 2186 552,
1439 2133 1490 2190 χ
1565 2108 1728 2191 100,
1776 2107 2022 2193 Hymn.
2074 2104 2283 2173 Gerer.
2336 2108 2488 2174 347.
2560 2109 2763 2174 Miror
2808 2119 3025 2175 autem

643 2223 1069 2289 Duentzerum
1093 2266 1108 2296 ‚
1172 2239 1317 2283 cum
1383 2221 1670 2281 moneret
1734 2217 1947 2292 ἄγχοῦ
1996 2215 2326 2289 ἱστάμενος
2378 2215 2505 2280 dici
2551 2218 2617 2280 in
2664 2213 3027 2282 Homericis

643 2336 707 2397 et
755 2326 923 2407 ἄγχι
963 2325 1156 2407 στᾶς,
1197 2325 1264 2388 id
1307 2331 1402 2388 est
1428 2370 1442 2397 ,
1484 2343 1631 2386 cum
1657 2322 2003 2406 praesentis
2028 2323 2364 2406 participio
2388 2323 2573 2409 iungi
2598 2323 2834 2403 ἀγχοῦ,
2875 2343 3022 2388 cum

643 2439 863 2504 aoristi
910 2431 1109 2515 ἄγχι,
1169 2431 1267 2516 (ut
1314 2448 1395 2495 ex
1443 2426 1744 2514 Ebelingi
1786 2426 2019 2491 Lexico
2068 2425 2411 2493 Homerico
2458 2427 2714 2513 didici),
2763 2449 2887 2494 non
2922 2450 3025 2493 su-

641 2547 954 2631 spicatum
998 2539 1192 2605 fuisse
1231 2555 1406 2602 mero
1448 2536 1638 2600 errori
1681 2532 1895 2598 deberi
1936 2531 2273 2597 ridiculam
2300 2531 2481 2598 illam
2510 2533 3023 2620 discrepantiam.

727 2650 884 2716 Tres
944 2648 1150 2713 adhuc
1212 2648 1450 2710 restant
1509 2644 1576 2705 in
1637 2637 1839 2704 Iliade
1901 2659 2152 2724 versus,
2215 2641 2282 2704 in
2346 2642 2576 2725 quibus
2640 2642 2855 2721 ἐγχοῦ
2918 2642 3027 2708 vel

637 2756 867 2838 ἄγχόθι
912 2754 1225 2820 occurrit:

736 2871 806 2928 Ω
857 2860 1024 2928 709:
1075 2860 1290 2937 ἄγχοῢ
1353 2854 1416 2919 δὲ
1485 2852 1850 2931 ξύμβληντο
1922 2849 2177 2916 πυλᾶων
2249 2854 2445 2931 νεκρὸν
2520 2850 2753 2933 ἄγοντι.
2852 2852 3026 2940 Lege

1139 2960 1308 3043 ἄγχι
1357 2960 1420 3023 δέ
1469 2982 1566 3024 τοι.

742 3086 802 3141 Ψ
853 3072 1019 3143 ¹762:
1070 3071 1276 3143 πηνίον
1325 3066 1659 3143 ἐξέλκουσα
1705 3064 1899 3144 παρὲκ
1946 3062 2159 3139 μίτον,
2206 3064 2440 3144 ἄγχόθι
2490 3066 2543 3129 δ’
2594 3064 2786 3147 ἴσχει.
2850 3066 3025 3153 Lege

1017 3202 1022 3207 ·
1136 3173 1306 3254 ἄγχι
1371 3172 1435 3236 δέ
1499 3174 1543 3236 r'
1607 3169 1798 3250 ἴσχει.
1885 3167 2235 3233 videantur
2298 3170 2423 3235 duo
2483 3191 2701 3237 versus
2773 3192 3023 3257 praece-

1139 3280 1377 3345 dentes.

749 3404 792 3463 Ξ
843 3388 1010 3455 412:
1062 3387 1274 3459 στῆθος
1339 3383 1680 3462 βεβλήκειν
1751 3379 1895 3459 ὑπὲρ
1958 3378 2255 3458 ἄντυγος,
2312 3383 2542 3461 ἄγχόθι
2596 3384 2814 3461 δειρῆς.
2880 3382 3023 3448 Hoc

630 3522 781 3569 vero
827 3497 966 3562 loco
1013 3494 1295 3577 suspicor
1340 3488 1683 3577 legendum
1736 3508 1869 3551 esse
1910 3486 2168 3569 ἐγγύθι,
2210 3490 2313 3551 cui
2354 3490 2653 3555 adverbio
2694 3492 3023 3577 genitivus

627 3611 752 3677 loci
811 3605 1046 3691 passim
1112 3599 1446 3664 adiunctus
1499 3597 1824 3659 invenitur
1870 3594 2036 3679 apud
2088 3593 2482 3673 Homerum,
2536 3618 2683 3661 cum
2732 3595 2901 3676 ἄγχι
2950 3598 3018 3661 in

629 3714 833 3787 Iliade
879 3712 1235 3775 constanter
1279 3722 1578 3787 personae
1625 3700 1919 3764 dativum
1968 3699 2309 3776 adsciscat,
2360 3708 2435 3765 ut
2486 3702 2788 3767 vidimus.

719 3822 794 3886 ln
839 3814 1122 3901 Odyssea
1169 3810 1437 3893 denique
1486 3812 1757 3892 quatuor
1801 3804 1957 3869 locis
2006 3804 2236 3885 ἄγχόθι
2291 3809 2651 3872 invenitur:

721 3927 759 4008 ζ
805 3924 881 3989 5:
1022 3918 1254 3997 ἄγχόθι
1297 3913 1679 3995 Κυκλώπων,
1720 3912 1939 3991 ἀνδρῶν
1981 3910 2482 3989 ὑπερηνορεόντων
2510 3913 2722 3999 (Libri
2748 3915 3014 3999 ἄγχοῦ).

731 4056 760 4115 ρ
809 4026 939 4095 526

719 4149 759 4189 τ
807 4119 937 4187 271
1026 4068 1257 4151 ἄγχόθι
1312 4071 1686 4144 Θεσπρωτῶν
1734 4064 1954 4141 ἀνδρῶν
1998 4062 2079 4127 ἐνὶ
2124 4064 2278 4128 πίονι
2316 4065 2487 4145 δήμῳ
2516 4064 2717 4149 (Libri
2745 4066 3011 4152 ἄγχοῦ).

701 4332 752 4393 l)
791 4330 1084 4390 Magnopere
1120 4320 1247 4369 favet
1278 4332 1411 4367 meae
1439 4316 1653 4382 opinioni
1688 4314 1844 4364 Schol.
1878 4330 1907 4361 κ
1942 4312 2065 4367 377ς

703 4409 877 4481 byxo'd
924 4406 968 4462 δ’
1019 4402 1282 4472 Ῑσταμθῆ]
1335 4404 1444 4455 &moa
1495 4402 1546 4453 δὲ
1601 4402 1771 4469 '5796‘
1815 4397 2207 4467 ’'’ssfl‘fl'oeb‘fm”‚
2256 4404 2377 4453 uude
2427 4406 2625 4471 apparet
2676 4404 2811 4454 varia
2860 4404 3013 4455 fulcra

627 4504 785 4557 metro
819 4493 979 4547 ruenti
1012 4509 1041 4542 a
1073 4488 1417 4559 posterioribus
1451 4488 1594 4539 tuisse
1627 4488 1834 4538 admota.
