3436 5161
603 321 691 392 ¹70
1595 336 1993 389 monows.

693 506 766 574 V.
820 505 943 574 413
998 505 1101 572 ὑπ’
1148 504 1403 580 ἀπιςίης
1451 504 1504 572 οἱ
1549 502 1752 584 ἔφοροι
1799 503 2127 572 τίκτουσαν
2176 505 2287 581 τὴν
2329 513 2601 584 γυναῖκα
2640 530 2857 586 περιι
2878 504 2983 588 ζό-

599 639 652 694 μ
670 637 829 683 ενοι
893 609 1252 695 ἐφύλαξαν.
1333 609 1656 678 Adversus
1720 629 1976 676 omnem
2034 611 2277 678 fraudis
2342 614 2768 698 suspicionem
2828 615 2985 682 satis

603 724 740 788 erat
783 718 1069 788 adsidere
1113 723 1180 785 et
1225 715 1433 784 malo:
1483 716 2035 800 παριζόμενοι.

695 933 964 1000 Dorieus
1023 931 1094 996 in
1153 928 1662 1015 Peloponnesum
1724 927 1917 996 rediit
1963 929 2017 994 V
2069 928 2192 1008 423
2238 931 2358 998 hoe
2404 928 2646 998 Graece
2692 931 2821 997 diei
2863 953 2989 1000 non

605 1041 827 1108 debet:
887 1038 1150 1104 ἀπίκετο
1195 1037 1257 1110 ές
1305 1035 1785 1110 Πελοπόννησον.
1857 1032 2119 1103 Contuli
2168 1035 2223 1101 V
2270 1037 2394 1104 94:
2444 1039 2747 1119 ὥνεχῶρεε
2798 1039 2986 1106 ὀπίσω

605 1148 668 1220 ές
731 1145 1015 1225 Σίγειον,
1075 1143 1129 1210 V
1198 1141 1360 1212 107:
1425 1143 1879 1224 παραγίνεσθαι
1942 1143 2132 1209 ὀπίσω
2182 1143 2242 1217 ἐς
2291 1143 2377 1210 τὰ
2427 1149 2672 1229 Σοῦσα,
2720 1143 2816 1211 VI
2863 1145 2989 1214 243

603 1251 865 1320 ἀπίκετο
925 1251 1115 1317 ὀπίσω
1180 1249 1354 1331 παρὰ
1413 1249 1734 1334 βασιλέα,
1793 1248 1888 1316 VI
1950 1247 2072 1316 92:
2148 1249 2537 1324 ἄπενόςησαν
2608 1250 2829 1329 ὀπίσω,
2902 1251 2991 1318 VI

607 1359 768 1434 118:
832 1359 1107 1425 ἀπίκατο
1173 1357 1225 1422 01
1272 1357 1506 1433 ,Δήλιοι
1567 1355 1758 1422 ὀπίσω
1808 1356 1869 1430 ές
1916 1357 2027 1432 τὴν
2074 1363 2268 1432 νῆσον.
2338 1355 2539 1422 Vides
2582 1359 2791 1446 igitur
2834 1357 2992 1446 quid

600 1464 1009 1534 inserendum
1057 1465 1158 1530 sit.

693 1679 781 1748 V.
845 1679 969 1746 50:
1031 1675 1248 1744 ἐθέλων
1307 1674 1514 1760 σφέας
1579 1675 1708 1744 ἀπὸ
1767 1674 2088 1754 θαλάσσης
2151 1683 2326 1762 τριῶν
2370 1681 2574 1756 μηνῶν
2622 1676 2748 1743 ὀδὸν
2794 1677 2900 1758 ἀγ
2920 1699 2993 1742 αι

604 1795 810 1868 γεῒν.
879 1784 1094 1856 Maioz
1143 1781 1531 1865 ἀπάγειν.

697 1998 785 2067 V.
846 1996 969 2066 6¹7:
1034 1995 1122 2064 τά
1180 2021 1252 2063 τε
1299 1996 1370 2072 δὴ
1420 1994 1599 2062 ἄλλα
1647 1997 1700 2063 οἱ
1748 1995 2056 2062 Σικυώνιοι
2106 1995 2349 2071 έτίμεον
2393 1995 2496 2062 τὸν
2535 1994 2835 2076 Ἀδρηςον
2882 1995 2989 2060 καὶ

603 2105 676 2182 δη
723 2108 907 2186 πρὸς
955 2105 1041 2171 τα
1092 2103 1300 2170 πάθεα
1345 2104 1537 2169 αὑτοῦ
1586 2111 1932 2183 τραγικοῖσι
1979 2110 2213 2184 χοροῖσι
2254 2101 2578 2183 ἐγέραιρον.
2626 2101 2832 2190 Lege:
2883 2100 2989 2167 καὶ

609 2213 679 2288 δη
728 2239 766 2278 κ
783 2237 827 2280 α
844 2213 888 2278 ί.
951 2210 1322 2278 Plurimum
1365 2211 1564 2279 miror
1600 2209 1885 2276 nondum
1926 2211 2295 2276 restitutam
2334 2197 2533 2275 fuisse
2562 2208 2951 2276 loeutionem
2970 2256 2990 2293 ,

610 2339 772 2405 quae
817 2323 952 2384 tam
999 2317 1216 2382 erebro
1259 2317 1611 2383 invenitur.

696 2529 962 2599 Passiva
1022 2528 1228 2597 forma
1281 2527 1502 2595 aoristi
1559 2547 1686 2594 non
1741 2525 1999 2593 ferenda
2059 2525 2317 2595 videtur
2374 2524 2440 2593 V
2492 2525 2615 2597 72:
2666 2528 2995 2597 ἀντιτα-

608 2636 881 2713 θείσης
930 2637 992 2701 δὲ
1040 2644 1152 2710 τῆς
1197 2636 1430 2713 βουλῆς
1480 2635 1583 2700 καὶ
1634 2636 1700 2700 οὐ
1750 2632 2128 2711 βουλομένης
2182 2634 2505 2703 πείθεσθαι.
2574 2632 2875 2723 Cogitavi
2914 2634 2995 2701 de

604 2730 1290 2827 ὦντιταχθείσης,
1353 2742 1546 2807 sicuti
1611 2739 1674 2806 V
1752 2738 1916 2807 102:
1990 2741 2474 2823 ἀντετάχθησαν
2538 2740 2587 2807 οἱ
2653 2745 2857 2813 Ἴωνες
2929 2748 2995 2807 et

600 2848 729 2917 VII
781 2848 936 2915 103:
989 2848 1269 2925 βασιλέα
1311 2846 1527 2927 πρέπει
1570 2846 1714 2926 πρὸς
1756 2846 1825 2914 τὸ
1866 2847 2183 2923 διπλήσιον
2223 2848 2730 2917 ἀντιτάσσεσθαι.
2770 2849 2989 2917 Etiam

599 2954 736 3021 VH
790 2955 917 3021 105
937 2977 953 3021 3
1006 2952 1289 3035 ὕπαρχον
1334 2957 1437 3021 τὸν
1487 2953 1604 3021 ὑπὸ
1653 2954 1914 3036 Δαρείου
1962 2980 2002 3025 ς
2018 2981 2062 3020 α
2080 2956 2108 3021 θ
2126 2954 2252 3022 έντ
2267 2981 2312 3022 α
2363 2955 2787 3031 καταπαύσας
2802 3004 2821 3034 ,
2866 2956 2994 3023 dici

601 3061 671 3128 id
716 3061 882 3129 solet
927 3062 1054 3126 nisi
1099 3059 1285 3127 fallor
1329 3083 1370 3125 τ
1386 3083 1430 3125 α
1445 3082 1500 3143 χ
1518 3060 1548 3125 θ
1567 3058 1644 3125 έν
1660 3085 1699 3126 τ
1717 3085 1781 3128 α.

695 3276 994 3343 Primum
1053 3278 1224 3341 reete
1289 3273 1530 3363 legitur
1588 3272 1651 3340 V
1718 3272 1830 3343 ¹74:
1902 3277 1953 3342 ol
2014 3276 2255 3342 Βοιωτοὶ
2308 3276 2524 3354 ΟΞνόην
2571 3276 2836 3359 αἱρέουσι
2884 3277 2991 3345 καὶ
3098 3326 3103 3330 -

603 3383 860 3459 Ὑσιάς,
924 3381 1150 3459 δήμους
1215 3380 1354 3453 τοὺς
1425 3378 1736 3461 ἐσχάτους
1802 3390 1913 3457 τῆς
1979 3384 2310 3461 Ἀττικῆς,
2377 3384 2603 3450 deinde
2666 3387 2990 3469 sequitur:

604 3486 941 3561 Χαλκιδέες
1010 3512 1080 3554 τε
1127 3488 1225 3553 ἐπὶ
1278 3487 1365 3552 τα
1412 3484 1592 3566 ἕτερα
1641 3487 1899 3553 ἐσίνοντο
1950 3489 2217 3561 ἐπιόντες
2267 3494 2577 3573 χώρους
2624 3498 2734 3565 τῆς
2784 3497 2994 3559 Ἀττι-

592 3602 724 3669 κῆς.
800 3594 957 3675 Quis
1006 3596 1100 3658 ita
1144 3592 1464 3679 loquitur:
1517 3591 1790 3665 ἐπιόντες
1840 3592 2115 3675 χώρουςῖ
2204 3594 2430 3681 Neque
2477 3616 2635 3683 opus
2681 3597 2809 3663 fuit
2855 3602 2993 3663 tam

590 3698 919 3766 indefinite
982 3698 1194 3785 loqui,
1259 3720 1410 3765 nam
1478 3700 1825 3786 apparebat
1885 3721 1924 3766 a
1986 3722 2262 3787 quanam
2315 3708 2494 3789 parte
2543 3700 2995 3769 Chalcidenses

599 3809 894 3877 fecissent
935 3809 1004 3873 in
1049 3808 1340 3874 Atticam
1387 3808 1805 3873 invasionem.
1879 3806 2049 3889 Quid
2093 3811 2415 3893 requiram
2434 3858 2455 3893 ,
2497 3810 2828 3875 ostendent
2865 3808 2995 3877 looi

601 3917 712 4001 qui
759 3920 1146 4001 sequuntur:
1194 3911 1294 3979 VI
1344 3911 1511 3979 108:
1565 3912 1950 3993 ὑπερβάντες
1997 3915 2050 3980 οἱ
2090 3916 2392 3991 Ἀθηναῖοι
2438 3916 2579 3987 τοὺς
2618 3917 2671 3981 oi
2712 3917 2991 3996 Κορίνθιοι

595 4020 814 4097 ἔθηκαν
876 4024 1268 4088 Πλαταιεῦσι
1337 4014 1488 4086 εἶναι
1556 4019 1756 4101 οὔρους
1804 4026 1867 4085 et
1915 4019 2051 4087 VII
2102 4019 2220 4086 30:
2276 4020 2646 4101 ὀρμεῶμενος
2698 4022 2799 4089 ἐπὶ
2848 4024 2992 4096 τοὺς

601 4127 799 4207 οὔρους
850 4134 969 4192 τῶν
1015 4129 1286 4208 Φρυγῶν.
1357 4126 1530 4192 Hinc
1577 4125 1965 4214 legendum:
2015 4127 2285 4201 ἐπιόντες
2334 4128 2514 4203 τοὺς
2561 4127 2841 4211 οὔρους
2877 4136 2988 4205 τῆς

601 4236 917 4310 Ἀττικῆς.

691 4338 892 4406 Facili
956 4359 1144 4425 opera
1189 4337 1593 4424 interpolatio
1641 4341 1830 4427 argui
1873 4343 2087 4425 potest
2131 4337 2197 4405 V
2245 4339 2355 4409 82.
2426 4340 2661 4409 Narrat
2705 4340 2991 4409 Herodo-

596 4451 738 4511 tus:
789 4443 1020 4511 ἐδέοντο
1059 4442 1136 4511 ὦν
1171 4443 1223 4511 οἱ
1261 4443 1630 4529 Ἐπιδαύριοι
1666 4446 2002 4519 Ἀθηναίων
2027 4446 2239 4521 ἐλαίην
2264 4458 2379 4529 σφι
2409 4447 2609 4514 δοῦναι
2636 4447 2985 4527 ταμέσθαι,
