3436 5161
683 387 815 458 384
1511 403 1516 407 ·
1543 409 1816 457 lmavffls
1862 409 2200 457 sosarnus.

683 583 745 640 et
791 596 1003 640 rerum
1056 573 1339 640 ordinem
1393 582 1696 660 perpetuo
1740 575 2109 661 perturbare
2127 624 2145 659 ‚
2187 573 2443 639 etiamsi
2480 572 2926 659 chronologiae
2964 593 3075 657 pe·-

680 684 1028 746 ritissimus
1073 682 1278 746 videri
1327 679 1508 747 velit.
1573 680 1644 745 Si
1691 683 1835 766 quis
1882 687 2095 746 tamen
2144 681 2307 746 forte
2351 681 2683 746 existimat
2728 699 2835 744 me
2870 681 3073 744 nimis

680 791 896 873 inique
960 788 1037 852 de
1094 787 1350 870 Josephi
1413 784 1811 874 negligentia
1868 789 2103 852 sentire
2122 833 2138 864 ‚
2203 785 2516 870 expendat
2566 803 2797 870 quaeso
2841 783 3069 870 Antiq.

685 893 788 960 18.
841 894 902 960 6.
957 895 1032 972 1,
1095 895 1207 958 ubi
1269 895 1440 980 regis
1507 893 1835 979 Agrippae
1902 895 2036 959 vita
2078 893 2171 958 ita
2218 899 2546 976 narratur,
2594 898 2669 956 ut
2714 911 2828 956 nec
2876 901 3070 976 caput

678 1023 792 1066 nec
840 1023 948 1087 pes
985 1005 1250 1065 constet.
1298 997 1516 1064 Veluti
1556 998 1840 1088 legimus
1880 1003 2234 1086 Agrippam
2282 999 2555 1064 Romam
2605 1001 2850 1065 venisse
2886 999 3067 1064 brevi

678 1113 824 1174 ante
886 1113 1160 1171 mortem
1223 1106 1328 1171 avi
1387 1108 1490 1170 sui
1551 1104 1827 1171 Herodis
1888 1105 2131 1193 Magni.
2203 1104 2383 1171 Alios
2428 1125 2665 1170 errores
2707 1113 3067 1191 praetereO,

678 1213 785 1279 sed
834 1213 912 1278 cf.
962 1211 1184 1296 Antiq.
1241 1209 1346 1276 18.
1399 1211 1459 1275 5.
1509 1211 1552 1276 4
1599 1216 1664 1276 et
1713 1211 1871 1277 Bell.
1922 1211 2071 1277 Jud.
2120 1211 2184 1277 2.
2236 1210 2297 1276 9.
2350 1211 2411 1276 5.
2478 1207 2781 1277 Ceterum
2827 1211 3070 1298 dignis-

677 1322 842 1385 sima
905 1325 1054 1383 sunt
1115 1339 1275 1403 quae
1329 1323 1621 1382 accurate
1667 1319 2136 1402 expendantur,
2186 1339 2261 1383 ea
2307 1339 2467 1402 quae
2512 1317 2825 1403 Josephus
2868 1315 3069 1383 tradit

677 1426 754 1491 de
799 1425 1184 1510 Imperatore
1231 1423 1486 1489 Tiberio
1503 1445 1518 1501 ;
1571 1445 1765 1510 quem
1814 1427 1983 1489 enim
2032 1425 2333 1490 describit
2352 1473 2367 1502 ,
2416 1427 2471 1490 is
2511 1445 2635 1490 non
2674 1425 2831 1500 fuit,
2867 1444 3067 1509 quan·

675 1539 816 1597 tum
881 1531 1105 1614 viden,
1167 1533 1333 1594 inter
1395 1531 1771 1616 scriptores,
1838 1551 1992 1616 quos
2052 1529 2314 1597 Tacitus
2369 1539 2515 1596 ante
2560 1529 2776 1596 oeulos
2816 1529 3063 1595 habuit.

675 1637 1007 1722 Imprimis
1053 1658 1164 1702 cur
1209 1637 1303 1701 ita
1347 1637 1660 1721 sentiam,
1709 1637 1863 1703 facit
1909 1638 2129 1722 Antiq.
2186 1635 2291 1702 18.
2340 1635 2403 1701 6.
2454 1635 2519 1702 5.

765 1821 803 1887 J
807 1842 990 1886 ussus
1049 1821 1172 1885 fuit
1233 1819 1451 1886 Macro
1517 1819 1875 1908 Agrippam
1934 1821 1999 1886 in
2062 1839 2377 1886 carcerem
2438 1819 2782 1897 abducere,
2831 1821 2939 1884 οὐκ
2986 1817 3063 1884 ἂν

675 1927 1008 2005 προσδοκῶν
1054 1927 1188 2005 περ)
1236 1931 1344 1991 τοῦ
1393 1929 1724 2006 Ἀγρίππα
1777 1929 1963 1992 αὐτὸν
2012 1927 2482 2004 βουλεῦσαί
2519 1950 2579 1990 τι
2622 1931 2923 2004 τοιοῦτον,
2954 1925 3065 1990 sed

645 2033 847 2099 ‘malo
911 2048 1096 2098 κελε
1118 2037 1330 2098 ὗσαι.
1402 2031 1646 2098 Deinde
1695 2032 1938 2118 aliquot
1982 2032 2138 2098 locis
2186 2033 2473 2110 omissis,
2528 2032 2684 2117 quis.
2719 2032 2892 2097 enim
2941 2032 3064 2097 fert

675 2138 874 2205 aniles
917 2160 1124 2226 nugas
1171 2160 1330 2224 quae
1376 2138 1721 2206 lectoribus
1770 2142 2185 2224 propinantur
2228 2137 2451 2222 Antiq.
2506 2137 2612 2203 18.
2658 2137 2721 2202 6.
2764 2137 2802 2205 ’7
2822 2185 2839 2216 ,
2877 2136 3062 2203 venio

674 2245 754 2314 ad
799 2245 1024 2330 Antiq.
1077 2243 1180 2312 18.
1235 2243 1294 2312 7.
1349 2247 1381 2310 1
1405 2293 1422 2323 ,
1488 2246 1600 2312 ubi
1663 2245 1978 2311 Herodias
2027 2245 2335 2312 maritum
2382 2242 2702 2310 Herodem
2748 2243 3059 2328 Antipam

673 2351 944 2439 instigat
990 2354 1058 2418 in
1104 2351 1366 2418 fratrem
1413 2372 1602 2417 suum
1657 2350 2035 2439 Agrippam.
2092 2353 2185 2416 Οὐ
2235 2351 2360 2431 γὰρ
2406 2350 2662 2415 ἀνεκτὸν
2709 2345 2868 2414 εἶναί
2903 2355 3057 2430 φησι

673 2456 743 2521 τὸ
792 2456 935 2536 ζῆν,
985 2457 1034 2522 εἲ
1085 2458 1450 2538 Ἀγρίππας
1503 2495 1586 2506 —-
1637 2459 1819 2540 πενίᾳ
1875 2457 1937 2522 δὲ
2000 2457 2205 2538 ἀπόρῳ
2268 2456 2547 2534 συνών,
2618 2459 2697 2528 ὥς
2758 2456 3058 2529 τελέως

673 2564 840 2643 αὐτῷ
889 2563 1387 2645 ἐπικουφίζεσθαι
1437 2563 1522 2629 τὰ
1567 2567 1897 2641 ἀναγκαῖα
1950 2601 2035 2613 —-
2076 2562 2511 2637 ἐπανεληλύθοι
2560 2563 2885 2640 βασιλεύς.
2936 2563 3062 2630 Hie

670 2690 962 2755 promam
1009 2672 1168 2736 duas
1215 2671 1633 2756 suspiciones,
1686 2691 1843 2755 quas
1889 2668 2002 2735 alii
2048 2670 2313 2737 fortasse
2357 2691 2506 2737 vere
2552 2670 2747 2737 nimis
2794 2664 3061 2736 incertas

669 2778 1208 2863 pronunciabunt,
1259 2795 1526 2862 nempe:
1573 2774 1825 2855 συζῶν
1872 2782 1937 2843 et
1983 2776 2195 2859 ἐλέῳ.

762 2954 1014 3023 Certius
1060 2964 1159 3022 est
1206 2956 1427 3041 Antiq.
1484 2956 1587 3022 18.
1638 2954 1697 3022 8.
1758 2959 1830 3021 l:
1890 2957 2103 3022 πολλοὶ
2164 2958 2228 3022 δὲ
2286 2957 2389 3023 καὶ
2438 2959 2710 3039 χαλεπὰ
2757 2958 3056 3032 Ἀπίωνος

671 3063 1007 3143 εἰρηκότος,
1075 3062 1184 3145 ὑφ’
1252 3058 1328 3127 ὧν
1389 3064 1639 3142 ἀρθῆναι
1703 3060 1943 3144 ἤλπιζε
1972 3062 2073 3127 τὸν
2120 3064 2337 3141 Γάιον,
2386 3062 2521 3127 καὶ
2572 3064 2729 3134 εἰκὸς
2783 3060 2880 3141 ἦν,
2930 3065 3055 3128 κτὲ.

667 3168 1098 3253 reponendum
1162 3189 1331 3233 esse:
1394 3172 1488 3240 ὡς
1553 3170 1706 3239 εἰκὸς
1760 3164 1849 3242 ἦν.
1919 3168 2135 3235 Maius
2198 3172 2429 3234 autem
2463 3170 2917 3236 detrimentum
2966 3176 3062 3236 est

668 3278 1018 3341 sententiae
1065 3275 1289 3361 Antiq.
1343 3274 1447 3340 18.
1499 3274 1562 3339 8.
1616 3273 1691 3340 ¹7:
1744 3273 1895 3350 ἀξιῶ
1942 3276 2067 3354 γὰρ
2114 3276 2181 3340 σὲ
2228 3279 2335 3340 τοῦ
2371 3276 2715 3354 ἀνδριάντος
2756 3278 2865 3350 τὴν
2908 3274 3059 3340 ἀνοί-

668 3384 852 3457 θεσιν,
906 3372 972 3453 ἣν
1020 3381 1391 3455 ποιήσασθαι
1441 3380 1707 3452 κελεύεις
1761 3382 2085 3459 Πετρώνιον
2133 3382 2218 3455 εἷς
2266 3383 2336 3447 τὸ
2378 3382 2681 3447 Ἰουδαίων
2725 3382 2910 3461 ἱερόν,
2940 3406 3059 3459 μή·

668 3486 799 3562 κε’τι
863 3486 1274 3566 πράσσειν
1342 3486 1745 3561 διανοεῖσθαι,
1813 3508 1973 3571 quae
2036 3488 2230 3553 verba
2291 3494 2439 3552 sunt
2502 3489 2832 3575 Agrippae
2889 3490 3061 3574 regis

669 3592 748 3657 ad
796 3588 1027 3659 Caium
1076 3592 1426 3678 principem
1447 3642 1466 3677 ‚
1513 3592 1621 3659 sed
1667 3591 1853 3658 facile
1900 3592 2133 3657 senties
2172 3592 2637 3659 emendandum
2679 3614 2812 3658 esse
2846 3616 3059 3672 προσ-

667 3696 1038 3763 τάσσειν.
1121 3754 1124 3759 .

713 3898 718 3901 -
757 3866 984 3952 Antiq.
1043 3863 1146 3930 18.
1199 3864 1259 3929 9.
1316 3866 1348 3929 1
1372 3916 1390 3950 ,
1439 3872 1648 3932 mater
1685 3866 1996 3951 quaedam
2036 3865 2467 3932 adulescentes
2507 3866 2877 3945 προσέταξεν
2917 3868 3057 3934 iesu

665 3976 934 4052 μαθήσει
983 3974 1315 4049 ποιήσεως,
1367 3972 1651 4037 solebant
1699 3973 1869 4037 enim
1918 3974 1985 4036 in
2033 3971 2167 4038 illis
2214 3975 2398 4039 terris
2446 3975 2642 4038 etiam
2690 3974 2817 4038 viri
2852 3986 3057 4037 ταλα·

667 4087 1004 4162 σιονργεῖν,
1069 4078 1179 4144 sed
1243 4098 1450 4144 nonne
1513 4080 1727 4144 verius
1791 4084 1887 4143 est
1949 4075 2156 4146 felc-2⁹?
2220 4076 2342 4144 Sed
2402 4084 2551 4144 sunt
2604 4079 2670 4143 in
2716 4079 2834 4143 hac
2879 4084 3057 4166 parte

665 4186 870 4270 operis
931 4183 1212 4269 'plurima
1278 4184 1439 4249 mire
1505 4190 1572 4250 et
1631 4184 1889 4251 insolito
1954 4187 2143 4252 modo
2203 4187 2556 4250 enunciata.
2632 4184 2856 4250 Veluti
2906 4183 3057 4270 quid

665 4292 860 4357 facias
906 4278 1129 4376 Anti'q.
1167 4288 1286 4355 ’18.
1340 4288 1400 4354 9.
1451 4290 1510 4355 2.
1565 4295 1899 4367 τολμήσειν
1944 4293 2377 4365 ἀντισατήσειν
2416 4298 2481 4357 et
2520 4310 2670 4357 mox
2710 4290 3055 4371 ἐπιτρέψειν

665 4399 934 4475 ἤμελλον
997 4400 1142 4473 ἡμῖν
1201 4396 1431 4478 ὑβριεῖν
1487 4404 1552 4463 et
1611 4396 1835 4483 Antiq.
1890 4396 1995 4464 18.
2048 4399 2109 4465 3.
2163 4400 2238 4465 1:
2296 4400 2630 4476 τολμήσειν
2675 4400 2784 4475 τήν
2832 4397 3053 4481 σοφίαν

664 4504 1142 4586 παραβήσεσθαι
1189 4508 1304 4569 τῶν
1354 4500 1585 4580 udum?
