3436 5161
631 335 717 400 92
1577 355 1661 402 u>
1705 353 2056 401 numum,

628 519 1001 596 καταράτοις
1074 518 1324 595 κόλαξιν
1403 517 1642 589 ἐκείνοις
1714 515 2179 591 ἐπιλελησμένοι
2260 515 2465 592 ἀνδρὸς
2546 523 2827 582 τοσαῦτα
2859 565 2872 580 .
2903 564 2920 582 .
2949 565 2963 582 .
2993 567 3009 582 .

632 625 977 695 καύσαντος
1029 627 1173 699 ἡμῖν
1220 625 1319 688 ἐπὶ
1370 632 1484 688 τῶν
1531 623 1779 701 βωμῶν.
1851 623 2016 688 Mihi
2068 623 2173 688 hic
2219 622 2397 688 locus
2443 623 2630 689 aliter
2670 624 3011 709 capiendus

629 731 885 795 videtur
931 737 1119 815 atque
1160 733 1295 816 capi
1337 729 1497 796 solet
1534 737 1599 796 et
1634 733 1730 796 ita
1765 727 2202 816 retingendum
2246 731 2488 802 εἰκότως
2529 730 2655 809 γὰρ
2696 728 2785 794 ἂν
2825 731 3012 808 ἠγα-

632 837 903 901 νάκτει
968 837 1323 920 δυστυχῶν,
1386 838 1451 900 εἰ
1515 835 1645 900 καὶ
1714 838 1943 910 ἡμεῖς
2013 831 2247 911 ὅμοια
2318 837 2817 911 ἐποιήσαμεν
2885 843 3008 908 τοῖς

632 965 689 1006 κ.
715 965 769 1005 τ.
801 957 861 1005 λ.
936 942 1062 1007 Per
1106 949 1316 1008 totum
1364 942 1481 1007 hoc
1528 949 1720 1027 caput
1765 942 1833 1007 id
1879 944 2018 1028 agit
2065 942 2387 1027 Iuppiter,
2437 946 2511 1006 ut
2558 941 2848 1007 ostendat
2889 961 3012 1006 non

630 1047 845 1133 aliqua
878 1069 991 1113 sua
1033 1049 1221 1133 culpa
1260 1051 1498 1114 factum
1540 1045 1705 1128 esse,
1747 1049 1915 1133 quod
1958 1046 2193 1113 Timon
2229 1047 2309 1113 ad
2346 1049 2788 1133 turpissimam
2829 1046 3010 1112 illam

632 1162 984 1240 egestatem
1044 1163 1208 1219 esset
1267 1154 1579 1238 delapsae.
1666 1153 1869 1239 ‘lut-e,
1935 1157 2179 1239 inquit,
2240 1156 2420 1220 nobis
2479 1160 2908 1236 suscenseret',
2961 1155 3014 1218 si

632 1279 747 1324 nos
786 1280 1067 1344 quoque,
1114 1259 1299 1325 obliti
1336 1267 1433 1324 tot
1472 1257 1920 1324 sacrificiorum
1945 1306 1960 1336 ,
2010 1259 2226 1324 eadem
2273 1259 2640 1324 fecissemus
2679 1279 2839 1343 quae
2881 1278 3015 1324 sce-

631 1363 779 1428 lesti
826 1367 937 1429 isti
975 1371 1407 1430 assentatores.
1457 1363 1694 1429 Verum
1737 1373 1951 1430 tamen
1994 1366 2212 1452 (πλήν)
2251 1385 2374 1430 non
2411 1368 2505 1430 ita
2543 1385 2608 1429 se
2649 1385 2748 1429 res
2787 1364 3012 1442 habet,

631 1469 813 1535 nulla
892 1478 1108 1536 nostra
1188 1473 1433 1536 incuria
1520 1471 1639 1536 hoc
1701 1471 1946 1536 factum
2010 1479 2138 1548 est3
2203 1471 2311 1536 sed
2368 1477 2622 1557 propter
2681 1473 3017 1536 innumera

632 1579 925 1662 negotia,
989 1578 1219 1661 quibus
1274 1577 1557 1642 destricti
1618 1577 1860 1641 fuimus
1925 1598 2002 1642 ne
2067 1577 2281 1642 oculos
2335 1577 2621 1641 coniicere
2667 1578 2900 1661 quidem
2947 1579 3016 1641 in

633 1681 917 1746 Atticam
986 1681 1392 1747 vacavimus’.
1480 1680 1545 1746 N
1549 1703 1669 1746 unc
1716 1682 1980 1748 demum
2027 1685 2245 1748 omnia
2291 1691 2460 1748 recte
2507 1689 2572 1748 et
2619 1683 2836 1748 ordine
2879 1703 3018 1768 pro-

634 1785 886 1850 cedunt.
960 1785 1197 1866 Quodsi
1255 1809 1379 1852 non
1439 1788 1700 1873 probas,
1751 1795 1818 1852 in
1866 1797 2163 1874 promptu
2213 1789 2470 1873 quidem
2520 1794 2615 1854 est
2661 1809 2775 1875 pro
2825 1791 3016 1866 ¹37ae-

636 1891 948 1977 νάκτει,
1010 1892 1177 1977 quod
1238 1913 1490 1977 prorsus
1554 1894 1863 1959 absonum
1926 1901 2057 1970 est,
2124 1914 2416 1979 praesens
2468 1897 2845 1971 rescribere3
2910 1894 3017 1959 sed

634 2017 714 2062 ne
783 1997 874 2062 sic
943 1999 1203 2083 quidem
1274 2000 1591 2065 constabit
1658 2003 2000 2065 sententia:
2066 2000 2235 2065 ‘Iure
2302 2001 2708 2087 indignatur,
2772 1999 3020 2084 quando

636 2103 893 2186 quidem
943 2102 1165 2169 eadem
1212 2103 1443 2170 facturi
1488 2105 1756 2170 sumus’.

730 2313 880 2401 Gap.
938 2317 1043 2382 12;
1093 2315 1198 2381 καὶ
1247 2315 1566 2396 μονονουχὶ
1613 2315 1905 2396 δικράνοις
1956 2313 2186 2392 ἐξεώθει
2237 2339 2320 2394 με
2357 2325 2468 2391 τῆς
2509 2319 2704 2389 οἰκίαις
2745 2317 3021 2396 καθάπερ

636 2424 689 2488 οἰ
759 2423 829 2485 τὸ
892 2425 1010 2502 πῦρ
1072 2422 1139 2487 ἐκ
1187 2423 1303 2486 τῶν
1352 2428 1565 2501 χειρῶν
1614 2422 2331 2502 ἀπορριπτοῦντες.
2404 2422 2800 2490 Sententiam
2849 2421 3022 2488 clau-

638 2527 846 2593 dicare
881 2533 1025 2613 post
1060 2526 1378 2594 Faberum
1419 2529 1611 2593 etiam
1636 2529 1956 2614 perspexit
1979 2526 2444 2594 Herwerdenus
2465 2578 2480 2602 ‚
2521 2531 2630 2613 qui
2655 2531 3018 2614 proposuit:

640 2634 743 2698 καὶ
802 2632 1082 2712 καθάπερ
1143 2636 1195 2700 οἱ
1257 2634 1327 2699 τὸ
1382 2638 1500 2715 πῦρ
1548 2634 1615 2697 ἐκ
1663 2634 1782 2697 τῶν
1827 2636 2046 2713 χειρῶν
2093 2634 2207 2719 (sc.
2253 2634 2790 2720 ἀπορριπτοῦντες)
2839 2638 3022 2713 ἀπερ-

639 2740 855 2819 ρίπτει.
908 2738 1033 2805 Sed
1071 2741 1225 2805 haec
1263 2742 1401 2826 ipsa
1446 2743 1565 2806 viri
1604 2742 1854 2826 egregii
1891 2742 2195 2806 correctio
2231 2741 2394 2805 mihi
2431 2744 2600 2807 viam
2639 2743 3021 2808 monstravit

640 2845 721 2912 ad
766 2847 1069 2913 leniorem
1120 2844 1665 2911 emendationem:
1718 2845 1946 2922 ἐξεώθει
1997 2870 2079 2922 με
2123 2848 2400 2925 καθάπερ
2448 2848 2496 2911 οἱ
2547 2850 2616 2910 τὸ
2665 2851 2784 2926 πῦρ
2811 2847 2879 2909 ἐκ
2904 2853 3020 2910 τῶν

638 2958 856 3031 χειρῶν
905 2952 1439 3034 ἄπορριπτῶν,
1487 2970 1679 3035 quam
1720 2952 1784 3015 si
1833 2954 2140 3037 magistro
2193 2972 2444 3017 summe
2482 2951 2836 3018 venerando
2876 2970 3021 3036 pro-

638 3058 869 3124 bavero
889 3106 906 3139 ‚
953 3056 1264 3145 gaudebo.
1334 3055 1410 3121 In
1460 3062 1677 3140 aperto
1726 3060 1855 3132 est,
1897 3056 2066 3123 unde
2103 3056 2369 3144 vulgata
2406 3059 2716 3143 originem
2745 3057 3017 3121 duxerit.

728 3266 881 3352 Cap.
936 3267 1045 3333 14.
1092 3266 1372 3350 καθάπερ
1418 3270 1526 3344 τὴν
1572 3268 1631 3332 ἐν
1655 3276 1734 3348 τῇ
1759 3266 1970 3348 Φοὶτνη
1995 3265 2148 3331 κύνα
2186 3266 2349 3353 (τὴν
2385 3269 2617 3354 insere)
2641 3269 2804 3343 μήτε
2829 3268 3024 3341 αὐτὴν

638 3372 972 3439 ἐσθίουσαν.
1042 3372 1300 3439 AHudit
1346 3373 1425 3439 ad
1471 3372 1774 3439 fabellam
1823 3372 2118 3438 omnibus
2165 3379 2402 3438 notam.

730 3584 883 3673 Cap.
944 3586 1049 3652 15.
1096 3587 1261 3651 οὐδὲν
1306 3586 1634 3653 ἀδικοῦντά
1682 3610 1766 3663 με
1814 3586 1929 3651 ὑπὸ
1977 3585 2277 3659 τοσούτοις
2329 3584 2572 3662 δεσμοῖς
2625 3587 3026 3663 κατασήπον-

635 3715 790 3771 τας,
840 3694 979 3759 οὐκ
1025 3691 1349 3764 εἰδότας
1400 3696 1477 3766 ὥς
1524 3693 1694 3769 μετὰ
1743 3691 1952 3771 μικρὸν
2001 3691 2260 3756 ἀπίασιν
2297 3690 2477 3773 ἄλλῳ
2515 3692 2629 3757 τινὶ
2669 3700 2786 3758 τῶν
2825 3693 3024 3759 εὐδαι-

635 3800 828 3877 μόνων
880 3825 964 3878 με
1003 3797 1499 3871 καταλιπόντας.
1563 3798 1687 3864 Sed
1727 3820 1915 3865 nemo
1956 3798 2322 3863 mortalium
2361 3799 2484 3864 hoc
2526 3800 2813 3886 ignorat3
2855 3806 3026 3881 pote·

633 3909 734 3971 rat
771 3905 1013 3970 dicere:
1060 3928 1177 3969 non
1212 3910 1562 3985 coyitantee,
1610 3903 1777 3967 nihil
1809 3912 2101 3968 morantes
2123 3903 2228 3969 vel
2254 3903 2467 3968 simile
2491 3903 2680 3987 quid;
2707 3904 3030 3969 nescientes

632 4017 757 4076 non
820 4015 1081 4094 poterat.
1170 4008 1385 4075 Scribe
1444 4002 1529 4075 εὖ
1590 4007 1954 4093 εἰδότας,
2011 4008 2178 4092 quod
2227 4008 2446 4073 acerbe
2495 4016 2560 4073 et
2608 4012 3026 4094 contemptim
3075 4077 3081 4083 ,

634 4115 899 4187 dicitur,
971 4116 1105 4179 licet
1166 4120 1376 4201 optime
1439 4120 1695 4193 seir-enm
1761 4120 2018 4201 propter
2074 4116 2195 4180 hoc
2255 4116 2466 4199 ipsum
2529 4116 2596 4178 in
2642 4118 3030 4202 praegressis

634 4220 953 4294 ἀνόητοι
1025 4220 1328 4298 audiunt;
1402 4241 1550 4285 nam
1624 4224 1679 4285 si
1749 4231 2121 4307 perpetuam
2192 4222 2500 4286 bonorum
2570 4223 3025 4305 possessionem

630 4327 991 4413 sperabant,
1059 4327 1275 4392 minus
1344 4326 1531 4393 stulti
1594 4332 1804 4393 essent
1864 4330 2161 4393 omnibus
2217 4326 2426 4393 modis
2479 4345 2554 4392 ea
2602 4327 3030 4394 custodientes

632 4441 696 4499 et
748 4442 1212 4499 conservantes.
