3436 5161
659 302 791 369 416
1682 322 2006 373 nonnus.

748 487 988 554 Parum
1032 490 1233 577 igitur
1275 486 1625 555 verisimile
1668 488 1737 555 id
1778 490 2082 556 ducebam
2101 538 2118 569 ‚
2159 496 2224 555 et
2263 510 2374 557 cur
2413 490 2710 557 ducerem
2747 491 2879 555 iam
2919 508 3026 554 ex-

560 668 566 676 ,
657 596 860 681 posui.
932 594 1099 675 Quid
1144 600 1359 661 autem
1404 597 1651 681 repperi
1670 642 1687 673 ‚
1738 616 1884 661 cum
1931 594 2258 661 Seberiani
2303 596 2532 662 indicis
2575 617 2692 682 ope
2739 594 3029 683 singulos

656 698 826 767 locos
869 698 1408 790 pervestigarem?
1453 702 1580 767 Pro
1623 702 1844 768 formis
1891 704 2069 780 ἡμεῖς
2120 708 2182 767 et
2233 703 2404 782 ὑμεῖς
2455 708 2706 771 tantum
2745 724 2868 769 non
2892 723 3028 767 om-

654 808 843 873 nibus
897 807 1055 874 locis
1115 809 1347 895 quibus
1406 816 1742 875 occurrunt
1803 809 2104 875 substitui
2165 830 2346 895 posse
2411 808 2628 886 ἄμμες
2672 815 2736 876 et
2783 807 2985 887 ὔμμες
3007 858 3027 893 ,

657 919 1015 980 constanter
1058 916 1229 981 enim
1274 931 1605 981 Posmorm
1649 916 2024 1002 productam
2071 936 2204 981 esse
2250 914 2566 1002 syllabam
2593 918 3024 1001 posteriorem.

654 1020 855 1106 Atqui
900 1022 957 1086 si
1001 1020 1119 1087 hoc
1164 1042 1386 1088 verum
1436 1027 1563 1106 est,
1604 1028 1678 1087 ut
1718 1042 1855 1088 esse
1893 1024 2300 1088 verissimum
2345 1042 2493 1087 mox
2526 1021 2854 1108 apparebit
2876 1042 3028 1087 cum

655 1126 825 1195 locos
869 1126 1306 1205 laudabimus,
1358 1150 1455 1195 res
1502 1128 1786 1195 iudicata
1831 1132 2068 1195 censeri
2095 1128 2304 1213 ⁸debet
2319 1149 2335 1207 ;
2379 1150 2529 1194 nam
2575 1130 2633 1194 si
2679 1128 2881 1194 literis
2928 1134 3030 1193 at-

657 1236 803 1301 ticis
850 1235 1215 1319 perscribi&
1264 1256 1343 1300 ne
1389 1234 1552 1301 effici
1596 1235 1856 1321 quidem
1903 1240 2111 1320 potest
2156 1238 2320 1301 sitne
2366 1259 2538 1311 -μεις
2577 1256 2658 1301 an
2693 1260 2894 1313 -μμες
2931 1256 3029 1299 re·

656 1340 1021 1425 citandum,
1066 1346 1409 1426 utrumque
1454 1344 1625 1408 enim
1674 1340 1991 1407 indicatur
2034 1342 2368 1407 elementis
2393 1348 2598 1407 ΜΕΣ.
2645 1340 2878 1407 Nostro
2901 1342 3028 1429 igi-

658 1451 763 1513 tur
807 1447 1044 1513 iudicio
1090 1448 1468 1532 pendemus,
1507 1448 1812 1533 nobisque
1849 1446 2002 1513 solis
2027 1447 2332 1513 alterutra
2354 1448 2558 1514 forma
2582 1453 2677 1513 est
2699 1446 3024 1536 eligenda:

657 1554 812 1641 quid
870 1553 1178 1641 elegerint
1238 1553 1686 1633 Alexandrini,
1750 1554 1818 1621 id
1871 1554 2037 1619 nihil
2081 1554 2160 1620 ad
2207 1574 2320 1620 nos
2339 1604 2357 1638 ‚
2403 1554 2538 1620 illis
2584 1556 2757 1619 enim
2803 1554 3029 1643 lingua

656 1660 1001 1728 Homerica
1050 1661 1387 1727 videbatur
1428 1682 1585 1747 opus
1633 1682 1765 1727 esse
1803 1664 2160 1736 musivum,
2199 1662 2266 1726 in
2307 1680 2430 1745 quo
2464 1659 2681 1726 nullus
2703 1660 3030 1726 dedeceret

657 1767 827 1834 color
872 1777 955 1833 etl
980 1770 1411 1833 recentissima
1457 1785 1738 1853 quaeque
1784 1788 1908 1832 non
1955 1768 2168 1831 minus
2215 1772 2428 1852 aptam
2469 1767 2772 1833 haberent
2811 1766 3029 1833 sedem

658 1894 853 1959 quam
897 1874 1157 1958 antiqua
1202 1878 1266 1939 et
1311 1873 1612 1940 obsoleta.
1658 1874 1858 1939 Nobis
1903 1894 2082 1940 secus
2130 1873 2384 1940 videtur
2403 1920 2420 1951 ‚
2462 1872 2564 1940 vel
2602 1874 2816 1959 potius
2857 1878 3029 1938 certo

658 1976 918 2048 scimus‘
956 2000 1157 2065 neque
1221 1982 1286 2043 in
1351 1980 1625 2065 pedestri
1688 2001 1974 2046 sermone
2036 1980 2320 2045 homines
2379 1982 2472 2044 ita
2533 1980 2726 2045 fuisse
2781 1978 3030 2046 locutos

656 2107 939 2174 uuquam
999 2106 1203 2171 neque
1264 2107 1462 2171 usque
1516 2086 1670 2152 adeo
1717 2086 2016 2152 delirasse
2061 2092 2304 2152 veteres
2351 2091 2587 2171 poetas.
2657 2086 2828 2174 Ergo
2873 2086 3030 2151 haec

658 2200 753 2260 est
800 2214 935 2259 res:
984 2194 1167 2259 binae
1212 2193 1450 2259 formae
1496 2197 1889 2279 comparent,
1918 2191 2115 2258 altera
2137 2193 2388 2258 novicia
2410 2199 2475 2257 et
2501 2192 2765 2281 vulgata
2785 2239 2802 2271 ‚
2828 2192 3028 2259 altera

658 2303 920 2386 antiqua
956 2304 1021 2366 et
1062 2298 1317 2365 dialecti
1354 2299 1788 2365 reconditioris
1827 2318 1988 2385 quae
2018 2304 2268 2364 mature
2293 2318 2370 2363 ex
2391 2298 2728 2365 hominum
2754 2320 2860 2365 ore
2881 2320 3029 2365 eva-

656 2408 831 2492 nuit3
871 2406 1165 2472 videmus
1203 2404 1382 2471 nullo
1403 2404 1541 2479 loco
1564 2404 1907 2471 Homerico
1929 2408 2340 2471 necessariam
2367 2425 2502 2471 esse
2524 2405 2796 2471 formam
2821 2424 3030 2471 recen-

658 2515 883 2578 tiorem
898 2560 914 2592 ,
968 2518 1184 2579 contra
1220 2513 1642 2597 antiquiorem
1688 2513 1772 2576 iis
1819 2510 2262 2576 tantummodo
2307 2511 2463 2577 locis
2501 2528 2824 2599 superesse
2863 2511 3032 2578 unde

660 2621 970 2686 semoveri
1015 2640 1137 2685 non
1184 2621 1382 2704 possit
1426 2620 1549 2684 nisi
1596 2625 1873 2684 metrum
1922 2618 2118 2684 simul
2163 2617 2419 2703 perdas3
2475 2619 2746 2706 denique
2790 2601 3030 2686 seimus

658 2729 726 2792 in
772 2727 1229 2812 antiquissimis
1272 2723 1456 2790 libris
1501 2726 1948 2810 manuscriptis
1994 2724 2246 2790 nullum
2291 2725 2458 2790 inter
2481 2733 2814 2810 utramque
2837 2726 3032 2790 fuisse

660 2832 999 2900 discrimen
1012 2851 1030 2910 ;
1060 2869 1145 2880 —-
1170 2851 1294 2896 non
1342 2829 1617 2897 difficilis
1662 2832 1869 2917 igitur
1907 2833 2080 2915 optio
2122 2837 2249 2909 est,
2294 2833 2552 2917 opinor,
2577 2837 2836 2917 apparet
2857 2833 3030 2896 enim

660 2939 739 3004 ab
796 2937 1067 3004 Homeri
1126 2938 1352 3026 lingua
1411 2935 1647 3003 alienas
1708 2957 1840 3002 esse
1903 2937 2138 3002 formas
2203 2939 2377 3013 ἡμεῖς
2439 2944 2502 3002 et
2549 2939 2724 3014 ὑμεῖς
2742 2986 2760 3014 ,
2809 2939 3034 3026 genui-

658 3065 772 3111 nas
816 3064 949 3110 esse
994 3043 1160 3110 solas
1204 3044 1443 3110 formas
1488 3041 1702 3122 ἄμμες
1753 3043 1956 3121 ὔμμες
1978 3092 1996 3121 ,
2049 3043 2152 3110 vel
2198 3040 2347 3122 ἦμες
2396 3039 2548 3122 ὗμες
2573 3093 2589 3121 ,
2639 3047 2696 3109 si
2742 3044 2902 3110 forte
2939 3046 3032 3109 sic

659 3151 930 3216 scribere
992 3152 1201 3238 magis
1260 3149 1507 3235 placeat
1525 3200 1543 3233 ,
1597 3171 1748 3214 nam
1795 3148 1949 3215 talia
1991 3149 2156 3214 nihil
2201 3169 2408 3215 moror
2455 3150 2650 3216 donec
2697 3149 3032 3238 orthogra-

659 3256 809 3342 phia
873 3254 1191 3322 homerica
1254 3257 1625 3324 certioribus
1688 3256 1944 3343 legibus
2005 3257 2442 3344 adstringatur
2487 3278 2680 3344 quam
2726 3258 3032 3324 hactenus

658 3369 941 3450 repertae
988 3367 1137 3428 sunt
1160 3358 1235 3449 1).
1320 3431 1333 3442 ‚

750 3471 838 3536 At
882 3490 1006 3535 nou
1053 3467 1420 3537 affirmanda
1463 3469 1618 3536 haec
1664 3475 1812 3535 sunt
1857 3469 1965 3540 sed
2012 3468 2348 3555 probanda.
2397 3467 2494 3534 En
2530 3471 2735 3557 igitur
2775 3475 3034 3536 cunctos

659 3599 815 3664 quos
858 3577 1144 3642 noverim
1191 3574 1359 3642 locos
1404 3576 1516 3640 ubi
1562 3575 1801 3641 formae
1851 3575 2200 3641 trochaicae
2246 3581 2602 3641 occurrunt.

748 3683 827 3750 In
888 3682 1106 3748 Iliadis
1164 3687 1344 3748 textu
1404 3678 1617 3760 ἄμμες
1679 3681 1878 3750 semel
1926 3683 2198 3746 occurrit
2249 3689 2300 3746 Φ
2350 3681 2516 3760 432,
2565 3681 2673 3748 sed
2721 3702 2846 3748 non
2886 3682 3027 3747 iure

657 3792 749 3857 ibi
810 3789 1023 3856 locum
1084 3809 1275 3854 suum
1336 3793 1602 3874 occupat
1619 3835 1636 3866 ,
1684 3809 1834 3854 nam
1884 3785 2066 3866 ἄμμε
2110 3786 2458 3875 legendum
2503 3809 2635 3855 esse
2685 3808 2874 3875 supra
2917 3787 3030 3853 de-

660 3903 1039 3963 monstrasse
1088 3893 1252 3960 mihi
1300 3895 1536 3962 videor.

602 4009 607 4014 ’
752 4003 828 4069 In
890 4001 1169 4088 Odyssea
1229 4021 1379 4069 vero
1439 4000 1649 4081 ἄμμες
1716 4006 1813 4066 ter
1857 4003 2201 4087 reperitur,
2261 4021 2488 4087 nempe
2537 4026 2555 4066 e
2608 3999 2740 4067 303
2786 4000 3027 4088 (ἄμμες

728 4207 784 4268 1)
818 4185 919 4273 Ipsi
962 4205 1074 4256 libri
1116 4207 1261 4257 MSS.
1304 4206 1356 4255 in
1398 4205 1573 4271 spiritu
1611 4203 1808 4254 minime
1835 4198 2092 4254 concinunt
2104 4226 2117 4264 ς
2154 4204 2419 4270 complures
2451 4220 2509 4254 ex
2543 4205 2864 4270 Tyrannionis
2893 4221 3030 4272 prae-

658 4293 795 4356 cepto
828 4287 992 4349 ὕμμες
1025 4288 1247 4338 exhibent
1280 4303 1387 4337 cum
1420 4287 1593 4352 spiritu
1626 4303 1791 4353 aspero
1825 4302 1913 4352 pro
1947 4283 2138 4346 ὔμμες,
2175 4287 2302 4352 quod
2339 4287 2641 4337 Herodianus
2675 4287 2916 4353 probabat.
2951 4289 3032 4338 Sic

658 4372 807 4422 etiam
824 4372 965 4422 modo
998 4370 1127 4432 ἀμάς
1162 4367 1312 4433 bade,
1348 4371 1487 4420 modo
1524 4368 1653 4430 ἁμάς
1690 4366 1813 4429 ὖμός
1846 4368 2115 4428 invenitur,
2150 4385 2260 4420 cum
2293 4385 2460 4419 revera
2485 4373 2648 4420 tamen
2676 4367 2845 4433 ἄμμος
2863 4368 3030 4432 ῧμμος

658 4453 955 4506 scribendum
986 4468 1084 4503 esse
1115 4453 1355 4512 videntum
1393 4452 1450 4501 cf.
1489 4452 1667 4508 Christ.
1701 4451 1753 4500 in
1787 4450 2062 4515 Prolegom.
2092 4467 2195 4517 pag.
2233 4451 2344 4504 127.
