3436 5161
657 375 788 438 216
1683 393 2005 441 nonnitus.

747 557 864 622 Est
931 562 1146 622 tamen
1208 558 1320 623 ubi
1381 560 1632 623 nonnisi
1691 559 1925 624 leviter
1983 560 2333 623 immutato
2386 561 2691 624 contextu
2736 577 2849 642 pro
2894 557 3053 633 ἐμεῦ

657 665 858 748 possit
919 666 1173 728 restitui
1225 663 1428 730 forma
1472 664 1785 752 legitima.
1858 663 2149 739 Quorum
2195 663 2479 729 locorum
2530 667 2640 750 qui
2686 666 2933 749 primus
2978 667 3053 729 in

657 790 917 834 censum
971 773 1145 835 venit
1193 771 1529 836 manifesto
1581 777 1914 856 corruptus
1962 775 2094 836 est:

753 885 807 940 A
857 873 979 940 88:
1031 875 1099 940 οὔ
1143 899 1234 948 τις
1288 877 1482 954 ἐμεῦ
1533 875 1825 958 ζῶντος
1879 877 1983 941 καὶ
2036 875 2133 940 ἐπὶ
2184 877 2355 958 χθονὶ
2406 875 2773 955 δερκομένοιο

1041 982 1128 1045 σοὶ
1179 983 1412 1062 κοίλῃς
1465 984 1635 1062 παρὰ
1688 981 1851 1056 νηυσὶ
1902 983 2167 1062 βαρείαις
2217 991 2435 1063 χεῖρας
2486 983 2738 1046 ἐποίσει.

661 1086 828 1152 Nam
891 1087 1312 1153 Homericum
1373 1108 1498 1153 non
1555 1094 1651 1153 est
1713 1087 1823 1168 ζῆν
1866 1088 1975 1153 sed
2025 1087 2228 1168 ζώειν,
2280 1109 2393 1154 neo
2442 1109 2713 1172 usquam
2760 1090 2885 1153 nisi
2932 1088 3055 1152 hoo

665 1213 788 1258 uno
851 1215 1078 1278 versu,
1144 1197 1254 1279 qui
1308 1193 1548 1279 duplici
1599 1197 1805 1282 igitur
1852 1195 1930 1260 de
1979 1215 2167 1259 causa
2212 1200 2543 1281 suspectus
2589 1200 2721 1273 est,
2772 1195 3053 1282 legitur3

663 1305 986 1386 praeterea
1067 1301 1136 1366 in
1199 1321 1385 1366 versu
1451 1304 1737 1385 sequenti
1800 1301 2000 1365 dativi
2060 1300 2328 1386 pluralis
2391 1300 2659 1366 formam
2732 1303 3053 1366 noviciam

665 1407 870 1488 κοίλης
933 1427 1048 1493 pro
1114 1409 1346 1486 κοίλησι
1397 1407 1751 1472 adhibitam
1804 1407 2118 1472 videmuS.
2192 1407 2291 1472 Ad
2338 1407 2784 1472 inveniendam
2834 1407 3055 1472 mede-

665 1513 798 1580 lam
845 1513 1010 1577 mihi
1059 1515 1312 1579 videtur
1361 1513 1686 1579 adeundus
1734 1533 1869 1578 esee
1918 1537 1966 1576 π
2016 1511 2149 1578 438
2198 1533 2327 1596 sq.:

1031 1615 1093 1689 ὅς
1143 1643 1244 1683 κεν
1290 1619 1662 1698 Τηλεμάχῳ
1713 1621 1797 1697 σῷ
1848 1619 1968 1682 υἱέϊ
2012 1627 2229 1699 χεῖρας
2278 1618 2488 1698 ἐποίσει

1031 1723 1277 1806 ζώοντός
1328 1725 1393 1802 γ’
1444 1725 1652 1802 ἐμέθεν
1699 1725 1803 1788 καὶ
1854 1725 1953 1789 ἐπὶ
2002 1725 2169 1804 χθονὶ
2223 1724 2620 1809 δερκομένοιο,

669 1832 1006 1897 manifesta
1067 1834 1237 1896 enim
1300 1833 1365 1896 in
1429 1831 1530 1895 his
1577 1837 1673 1895 est
1723 1833 2002 1896 imitatio
2050 1830 2174 1896 loci
2222 1852 2300 1896 ex
2348 1829 2551 1895 Iliade
2598 1829 2787 1895 modo
2835 1827 3049 1908 allati,

669 1957 859 2022 quem
907 1940 1113 2024 igitur
1157 1931 1312 2002 olim
1361 1939 1450 2002 sio
1497 1940 1837 2002 recitatum
1886 1937 2079 2002 fuisse
2126 1939 2443 2021 suspicor:
2940 1928 2947 1934 ’

1033 2043 1103 2109 οὔ
1149 2045 1242 2114 τίς
1291 2067 1377 2108 σοι
1426 2044 1598 2122 παρὰ
1649 2043 1815 2116 νηυσὶ
1867 2044 2127 2122 βαρείαις
2178 2051 2397 2122 χεῖρας
2449 2042 2677 2108 ἐποίσει

1028 2149 1274 2231 ζώοντός
1332 2152 1400 2226 γ’
1448 2149 1655 2227 ἐμέθεν
1715 2149 1819 2214 καὶ
1870 2149 1970 2213 ἐπὶ
2020 2149 2191 2231 χθονὶ
2242 2148 2628 2230 δερκομένοιο.

671 2257 786 2324 Sin
847 2257 990 2342 quis
1051 2257 1446 2322 audaciorem
1513 2255 1674 2320 hano
1738 2262 1985 2321 censeat
2032 2257 2459 2320 coniecturam
2509 2275 2863 2340 parumque
2908 2275 3053 2340 pro-

671 2363 949 2430 babilem
968 2410 985 2441 ‚
1051 2364 1170 2428 hoe
1231 2369 1450 2427 tamen
1511 2361 1674 2426 mihi
1742 2362 2039 2427 concedat
2086 2382 2337 2426 necesse
2384 2367 2511 2438 est,
2567 2381 2690 2426 non
2740 2367 3055 2426 servatam

669 2490 803 2536 esee
865 2471 933 2534 in
990 2461 1256 2556 'vulgata
1317 2468 1659 2532 dictionem
1728 2489 1873 2534 vere
1934 2467 2355 2544 homericam,
2419 2487 2623 2551 neque
2684 2487 2799 2551 pro
2852 2466 3058 2532 forma

673 2578 822 2655 ἐμεῦ
871 2577 1076 2664 igitur
1119 2574 1284 2639 hune
1332 2572 1546 2639 locum
1596 2594 1777 2659 posse
1826 2573 2131 2639 militare.

761 2684 981 2770 Longe
1027 2682 1272 2747 fadilior
1319 2685 1621 2747 eorrectio
1671 2682 1740 2745 in
1788 2686 2091 2767 promptu
2138 2688 2234 2746 est
2280 2690 2336 2745 A
2389 2680 2556 2746 453:

1035 2790 1182 2865 ἐμεῦ
1230 2789 1419 2867 πάρος
1471 2784 1727 2866 ἔκλυες,
1800 2790 2003 2853 immo
2052 2790 2221 2864 ἐμεῖο
2271 2788 2461 2865 πάρος
2512 2786 2726 2864 κλύες,

672 2901 736 2962 et
798 2920 837 2959 τ
895 2894 1062 2959 325:
1111 2896 1260 2972 ἐμεῦ
1311 2896 1386 2959 σὺ
1433 2891 1628 2971 ξεῖνε,
1676 2897 1879 2960 immo
1930 2895 2139 2971 ἐμεῖο,
2190 2892 2387 2970 ξεῖνε,
2436 2894 2592 2978 ipsis
2639 2892 2821 2958 libris
2866 2889 3057 2959 MSS.

674 3006 846 3068 viam
895 3000 1362 3077 indicantibuS,
1409 3019 1676 3085 quorum
1729 2998 2087 3085 complures
2134 3001 2209 3065 σύ
2258 3000 2591 3065 omittunt.
2666 3014 2671 3018 ’

771 3118 818 3174 Χ
870 3106 1004 3173 454
1049 3128 1169 3173 non
1219 3105 1534 3172 diffieilior
1579 3111 1676 3170 est
1722 3112 1979 3171 sanata:

1042 3216 1106 3278 αἱ
1155 3212 1280 3291 γὰρ
1330 3213 1452 3291 ἀπ’,
1492 3212 1708 3284 οὔατος
1757 3210 1847 3287 εἴη
1896 3212 2094 3289 ἐμεῦ
2142 3210 2334 3284 νέοι-ος.
2405 3210 2577 3298 Lege
2626 3211 2842 3287 ἐμοῦ.

679 3322 763 3387 Et
810 3321 1010 3387 simili
1061 3318 1250 3385 modo
1300 3321 1532 3406 corrigi
1581 3324 1790 3403 potest
1834 3328 1885 3383 E
1938 3316 2109 3383 896:

1045 3426 1113 3489 ἐκ
1158 3426 1288 3503 γὰρ
1337 3426 1486 3501 ἐμεῦ
1535 3425 1708 3504 γένος
1758 3425 1912 3489 ἐσσί.
1985 3425 2158 3513 Lege
2204 3418 2242 3498 ἦ
2287 3424 2413 3505 γὰρ
2455 3423 2598 3502 ἐμὸν
2636 3422 2811 3502 γένος
2854 3422 3007 3489 ἐσσί.

681 3534 866 3600 Binis
911 3536 1125 3598 autem
1172 3530 1327 3596 locis
1377 3530 1585 3609 ἐμέθεν
1632 3552 1745 3617 pro
1794 3533 1943 3608 ἐμεῦ
1992 3531 2454 3598 restituendum
2500 3551 2636 3596 esse
2684 3529 2971 3597 videtur:

772 3649 799 3704 1
853 3636 1012 3704 335:
1069 3646 1272 3702 κεῖται
1320 3642 1491 3715 ἐμεῦ.
1563 3636 1737 3725 Lege
1787 3637 1939 3703 κεῖτ’
1982 3636 2215 3713 ἐμέθεν.

777 3756 847 3811 Ω
899 3742 1066 3810 429:
1114 3742 1287 3822 δέξαι
1335 3744 1485 3819 ε’μεῦ
1535 3742 1729 3822 πάρα.
1780 3744 1953 3831 Lege
1998 3740 2117 3819 δέξ’
2164 3742 2375 3821 ἐμέθεν
2420 3742 2593 3823 πάροι
2618 3740 2767 3829 (δέῖ
2789 3738 3071 3819 τ-δέξο,

680 3862 755 3921 ut
801 3862 861 3919 T
913 3850 1046 3938 10).

773 3960 915 4025 Uno
959 3958 1230 4043 denique
1275 3956 1414 4023 loeo
1455 3956 1791 4023 verborum
1835 3958 2181 4041 requiritur
2228 3960 2549 4023 traiectio:

777 4067 810 4132 δ
859 4064 1027 4131 ¹746:
1076 4065 1226 4142 ἐμεῦ
1273 4061 1326 4128 δ’
1380 4058 1553 4127 ἕλετο
1601 4064 1810 4145 μέγαν
1859 4058 2042 4145 ὅρκον.
2114 4063 2286 4151 Lege
2333 4062 2546 4145 μέγαν
2591 4063 2645 4129 δ’
2696 4060 2855 4129 ἕλεθ’
2904 4058 3072 4144 ὅρκον

685 4172 873 4249 ἐμεῖο.
2745 4182 2752 4189 ’

781 4383 920 4450 Iam
969 4366 1303 4451 videamus
1350 4403 1428 4449 an
1474 4382 1646 4448 idem
1695 4382 1861 4467 quod
1910 4380 1987 4447 de
2030 4382 2184 4459 ’ἐμεῦ
2206 4432 2225 4467 ,
2274 4381 2494 4471 valeat
2521 4382 2599 4449 de
2636 4382 2842 4449 forma
2879 4379 3075 4449 encli-

689 4495 818 4558 tica
863 4514 1013 4570 μευ,
1062 4510 1292 4576 nempe
1339 4512 1452 4567 μεο
1500 4488 1606 4557 vel
1649 4486 1758 4566 με’
1818 4487 2057 4573 ubique
2102 4508 2214 4574 pro
2263 4508 2335 4554 ea
2382 4489 2634 4555 restitui
2683 4508 2883 4574 posse.
