3436 5161
589 212 721 279 154
1570 232 1971 286 moneres.

584 396 835 463 tissime
904 396 1044 474 ἐμοί
1112 399 1371 493 omittit
1428 398 1567 465 cod.
1639 399 1994 465 Vaticanus
2015 446 2032 479 ‚
2095 420 2220 486 quo
2287 398 2496 467 deleto
2557 399 2758 466 simul
2801 408 2974 469 reete

582 502 777 569 habet
840 501 1199 600 infinitivus
1260 504 1521 583 δοκέεινς
1584 504 1696 571 sed
1758 506 1986 571 haereo
2047 508 2117 573 in
2179 504 2408 573 vocula
2461 502 2530 581 ἦν
2549 552 2566 584 ,
2615 508 2784 591 quod
2829 508 2972 591 quis

584 630 893 694 umquam
942 611 1031 677 sic
1078 609 1455 707 usurpavit?
1510 612 1599 678 Ni
1644 614 1908 701 egregie
1954 612 2176 691 fallor,
2223 613 2704 700 corrigendum:
2754 612 2806 677 ei
2855 610 2972 690 μέν

583 740 685 780 νυν
734 718 1295 799 <συν>ήν<εικε>
1345 755 1428 767 -
1474 721 1916 789 ἀπονοστῆσαι.
1963 716 2060 785 Cf.
2103 717 2221 784 VII
2258 718 2338 797 4,
2385 716 2468 783 10
2499 717 2782 803 aliosque
2803 716 2976 784 loeos

586 820 745 888 bene
790 822 1049 891 multos.

676 1033 813 1101 VII
856 1034 991 1104 236
1054 1040 1215 1103 extr.
1280 1036 1445 1103 οὐδὲν
1508 1035 1581 1103 τὸ
1630 1034 1854 1119 πάρεον
1898 1038 2118 1117 τρῶμοι
2163 1038 2622 1104 ἀνιεῦντοιι.
2692 1036 2978 1105 Pessime

582 1137 765 1207 Stein
812 1142 1039 1227 probat
1084 1141 1307 1210 Vallae
1346 1145 1744 1211 versionemt
1789 1144 2212 1228 impendentem
2257 1144 2378 1209 sibi
2421 1144 2648 1209 cladem
2665 1145 2974 1231 haudqua-

580 1270 759 1334 quam
802 1250 1165 1315 devitabunt.
1217 1250 1308 1315 Τὸ
1356 1250 1583 1332 παρεὸν
1628 1256 1845 1331 τρῶμα
1894 1270 2020 1317 non
2065 1256 2162 1316 est
2207 1252 2580 1336 inpendens,
2641 1250 2754 1317 sed
2803 1273 2976 1335 prae-

580 1376 719 1420 sens
765 1354 871 1441 (cf.
921 1376 983 1423 v.
1034 1376 1091 1421 c.
1138 1354 1291 1425 VIII
1338 1355 1427 1422 20
1475 1358 1665 1443 extr.)
1712 1357 1912 1421 clades
1927 1404 1948 1441 ‚
1993 1376 2188 1442 quam
2227 1356 2760 1423 Lacedaemonios
2797 1377 2974 1443 repa-

582 1464 832 1526 raturos
876 1482 1013 1527 esse
1057 1467 1253 1549 negat
1300 1463 1752 1529 Achaemenes.
1800 1460 2060 1555 Optime
2105 1461 2410 1553 Reiskius
2456 1461 2783 1528 ἀκὲσοντάι
2801 1508 2820 1543 ,
2865 1461 2975 1529 sed

586 1570 783 1633 etiam
832 1566 1067 1636 melius
1113 1565 1393 1635 Cobetus
1438 1568 1872 1646 ἀκέοντοιι,
1920 1567 2028 1634 cll.
2075 1568 2112 1634 I
2161 1566 2314 1635 167.
2363 1567 2417 1635 V
2467 1567 2577 1635 91.

634 1846 639 1851 ,
678 1776 797 1843 VII
841 1776 973 1847 23¹7
1036 1779 1419 1845 Eximantur
1464 1781 1679 1865 turpia
1725 1777 2112 1847 emblemata
2157 1800 2193 1844 e
2239 1779 2486 1845 verbis:
2535 1774 2628 1845 ὅτι
2675 1780 2974 1855 πολιήτης

588 1884 703 1963 μὲν
766 1886 1028 1967 πολιήτῃ
1091 1882 1157 1951 εὖ
1218 1886 1543 1967 πρήσσοντι
1606 1884 1844 1968 Φθονέει
1909 1884 2014 1951 καὶ
2066 1881 2198 1951 ἔστι
2245 1884 2545 1965 δυσμενὴς
2599 1887 2700 1973 [τῇ
2749 1888 2931 1972 σιγῇ]
2955 1932 2972 1965 ,

586 1991 711 2057 οὐδ’
778 1988 855 2057 ἂν
917 1991 1492 2070 συμβουλευομένου
1560 1992 1697 2078 [τοῦ
1747 1992 1941 2056 ἀστοῦ
1988 1992 2284 2069 πολιήτης
2332 1992 2506 2077 ἀνὴρ]
2553 1994 2640 2058 τά
2689 1990 2872 2075 ἀριςά
2916 1992 2972 2059 οἱ

590 2097 879 2165 δοκέοντα
940 2094 1093 2163 εἶναι
1156 2099 1500 2173 ὑποθέοιτο,
1564 2098 1613 2163 εἴ
1669 2099 1760 2176 μὴ
1808 2098 2006 2175 πρόσω
2053 2098 2274 2180 ἀρετῆς
2321 2098 2551 2173 ἀνήκοι.
2621 2098 2972 2165 Possumus

588 2224 737 2271 sane
783 2206 893 2281 τὴν
941 2203 1301 2282 δυσμένειαν
1346 2202 1647 2269 δεικνύναι
1686 2212 1766 2289 τῇ
1807 2212 1957 2287 σιγῇ
1976 2251 2000 2283 ,
2032 2204 2144 2293 sed
2185 2202 2342 2290 quid
2381 2204 2468 2271 sit
2505 2203 2772 2283 δυσμενῆ
2815 2200 2970 2271 εἶναι

585 2319 663 2391 τῇ
710 2320 858 2392 σιγῇ
906 2331 1013 2378 me
1060 2310 1321 2398 quidem
1367 2308 1547 2375 latet.
1615 2318 1717 2392 Τῇ
1762 2310 1918 2393 φύσι
1963 2330 2167 2395 nuper
2211 2312 2540 2397 proposuit
2585 2310 2818 2377 Naber.

669 2520 797 2590 VII
842 2520 975 2590 238
1021 2522 1281 2609 supple:
1340 2519 1505 2598 δῆλοὶ
1570 2545 1673 2604 μοι
1722 2528 2004 2590 πολλοῖσι
2052 2522 2167 2602 μὲν
2215 2522 2322 2590 καὶ
2371 2520 2617 2590 ἀλλοισι
2663 2520 2958 2605 τεκμηρί-

578 2651 734 2709 οισι,
781 2630 843 2696 ἐν
888 2629 953 2697 δὲ
1004 2629 1202 2706 <διὶ>
1252 2629 1371 2700 καὶ,
1401 2630 1557 2712 τῷδε
1605 2630 1713 2696 οὐκ
1759 2629 1945 2710 ήκιςοο
1989 2629 2218 2711 γέγονε
2265 2630 2399 2697 xri.

1470 2844 1572 2910 An
1616 2859 1864 2910 mauu
1908 2841 2076 2911 VIII.

534 3051 541 3058 ’
673 3059 833 3127 VIII
894 3057 935 3125 3
994 3063 1153 3126 extr.
1184 3058 1631 3128 ,Athenienses
1678 3055 1992 3140 πρόφασιν
2037 3058 2145 3132 τὴν
2193 3056 2554 3123 Παυσανίεω
2597 3051 2770 3137 ὕβριν
2807 3059 2972 3137 προϊ-

583 3167 875 3250 σχόμενοι
946 3165 1271 3231 ἀπείλοντο
1342 3167 1454 3241 τῆν
1516 3161 1846 3242 ἡγεμονίην
1895 3163 2036 3236 τοὺς
2089 3161 2636 3242 Λακεδαιμονίους.
2707 3161 2971 3228 Temere

582 3271 763 3338 Stein
812 3271 940 3350 ‚,H.
987 3271 1235 3338 scheint
1282 3271 1413 3336 also
1462 3270 1583 3336 den
1629 3268 1940 3336 Vorwurf
1974 3268 2087 3334 der
2135 3267 2304 3350 ὕβρις
2345 3268 2525 3335 nicht
2562 3267 2657 3334 als
2697 3269 2970 3356 begriin·

584 3378 691 3444 det
758 3376 1295 3464 anzuerkennen’'.
1366 3375 1507 3443 Hoc
1564 3377 1946 3462 neutiquam
2009 3397 2090 3441 ex
2149 3374 2464 3442 Herodoti
2533 3375 2741 3442 verbis
2804 3373 2968 3440 effici

582 3489 810 3571 potest.
862 3482 1031 3565 Quid
1078 3486 1253 3549 enim
1302 3487 1481 3558 ‚vetat
1520 3487 1854 3568 tamquam
1893 3486 2230 3568 praetextu
2265 3484 2366 3548 uti
2403 3501 2472 3548 re
2511 3501 2640 3548 non
2677 3479 2824 3548 ficta
2859 3480 2970 3546 sed

582 3587 775 3658 vera?
823 3591 1044 3656 Innuit
1094 3591 1357 3676 scriptor
1404 3589 1899 3654 Atheniensibus
1948 3608 2131 3654 suam
2171 3590 2524 3673 potentiam
2561 3589 2775 3676 magIs
2801 3585 2970 3652 cordi

582 3698 779 3788 fuisse
823 3717 1017 3784 quam
1064 3693 1381 3764 sociorum
1428 3695 1704 3789 salutem
1753 3693 2148 3780 libenterque
2171 3697 2514 3781 arripuisse
2539 3696 2928 3762 occasionem
2949 3741 2970 3778 ‚

586 3825 777 3890 quam
825 3807 978 3890 ipsis
1022 3802 1349 3890 praeberet
1392 3801 1746 3869 Pausaniae
1794 3800 2152 3868 insolentia.

678 4015 828 4082 VIII
899 4014 942 4080 5<
1008 4018 1168 4082 extr.
1266 4013 1448 4080 Unus
1506 4035 1583 4078 ex
1654 4013 2074 4080 deterioribus
2143 4013 2328 4081 libris
2395 4011 2800 4080 Florentinus
2871 4011 2967 4098 (d)

588 4142 702 4210 pro
771 4122 1069 4204 ἕκέρδήΝε
1149 4120 1406 4187 exhibet
1469 4117 1804 4201 ἕκέρδηΣεν
1823 4166 1840 4197 ,
1921 4139 2115 4205 quam
2183 4119 2459 4186 formam
2531 4136 2749 4184 omnes
2817 4117 2972 4184 libri

588 4236 653 4296 et
692 4229 998 4318 editiones
1042 4227 1278 4300 habent
1322 4225 1421 4293 IV
1474 4225 1603 4292 152
1652 4224 1894 4304 μέγιςά
1941 4226 2010 4290 ἐκ
2056 4225 2318 4308 Φορτίων
2366 4223 2728 4306 ἐκέρδήΣοον.
2779 4223 2970 4290 Tam-

589 4338 710 4403 etsi
784 4355 899 4421 pro
970 4355 1045 4400 ea
1118 4333 1401 4402 militare
1478 4331 1735 4400 videtur
1829 4331 2222 4414 κερδήσεσθαι
2293 4332 2391 4401 bis
2460 4334 2597 4398 sine
2663 4332 2970 4398 varietate
