3436 5161
1364 370 1623 421 oAssms
1667 371 1795 420 mo.
2639 350 2771 418 315

390 535 656 613 ὠμότητι
736 533 900 614 ἔδοξέ
985 562 1043 601 τι
1114 536 1219 600 καὶ
1282 535 1984 618 φιλανθρωπεύσασθαι,
2054 533 2145 601 ὅτι
2217 541 2525 599 Κασιανοῦ
2598 536 2772 617 ἐφεί-

388 667 545 708 σατο
606 645 866 709 Λουκίου
938 668 1007 708 τε
1084 647 1306 709 Σιανοῦ
1376 649 1730 724 στρατηγοῦ
1805 643 1907 708 καὶ
1981 641 2242 722 Μάρκου
2303 641 2626 721 Τερεντίου
2673 644 2775 707 ln·-

390 749 585 821 τέως·
650 750 678 814 ὃ
738 750 853 825 μὲν
913 750 1042 828 γὰρ
1104 748 1323 822 Σιανὸς
1389 748 1449 815 ἔν
1507 773 1621 814 τινι
1669 749 1778 831 θέᾳ
1827 773 1882 814 ιι.
1911 771 1970 813 τ.
1997 764 2060 814 λ.
2109 747 2298 814 Vides
2337 747 2489 834 quid
2528 748 2772 814 factum

390 857 495 920 eit.
558 855 921 942 Legebatur
966 859 1033 920 in
1082 855 1333 940 codice,
1390 875 1513 940 quo
1560 854 1938 940 Xiphilinus
1986 874 2138 919 usus
2184 859 2310 931 est,
2367 853 2662 936 ἐφείσατο
2711 853 2774 919 δὲ

389 961 495 1027 καὶ
560 962 799 1027 λουκίου
864 963 967 1026 καὶ
1025 965 1271 1026 σιανοῦε
1332 961 1569 1027 ultima
1624 962 1820 1027 verba
1863 966 2216 1027 correxerat
2261 961 2470 1025 nescio
2519 962 2662 1044 quis
2706 961 2775 1024 in

392 1070 683 1155 margine
752 1072 1087 1133 καισιανοῦ.
1177 1067 1314 1134 Iam
1391 1074 1456 1132 et
1532 1067 1651 1133 hoc
1712 1073 1778 1132 et
1847 1066 2012 1132 illud
2079 1063 2148 1131 i'n
2219 1071 2470 1132 textum
2541 1066 2777 1151 recepit

390 1172 799 1258 Xiphilinue:
864 1179 1173 1239 Κασιανοῦ
1226 1173 1529 1256 ἐφείσατο
1592 1173 1853 1239 Λουκίου
1916 1197 1985 1238 τε
2035 1177 2279 1238 Σιανοῦ.
2353 1171 2774 1238 Scribendum

390 1280 599 1366 igitur
634 1282 831 1344 etiam
870 1281 939 1345 in
978 1279 1100 1345 fine
1136 1281 1357 1360 καίπερ
1399 1290 1752 1345 Καισιαν
1775 1281 1865 1343 ὧν
1905 1279 1976 1358 ἐξ
2031 1279 2256 1344 ἐκείνου
2303 1276 2773 1354 ὀνομασθέντων.

392 1383 587 1450 Hunc
650 1391 867 1451 autem
920 1386 992 1450 L.
1040 1383 1415 1452 Caesianum
1464 1386 1651 1472 pleno
1696 1389 1956 1450 nomine
1999 1385 2072 1449 L.
2123 1383 2482 1468 Apronium
2532 1381 2778 1448 Caesia-

392 1511 549 1556 num
598 1491 985 1577 appellatum
1036 1493 1233 1559 fuisse
1278 1494 1598 1578 suspicor,
1645 1492 1916 1558 eundem
1969 1493 2080 1575 qui
2126 1509 2288 1555 anno
2337 1510 2397 1575 p.
2451 1487 2603 1554 Chr.
2651 1489 2778 1566 20,

394 1617 589 1663 annos
650 1600 900 1664 circiter
968 1597 1050 1664 18
1107 1603 1295 1665 natus
1360 1599 1469 1684 (cf.
1530 1598 1692 1684 Eph.
1757 1597 1979 1684 Epigr.
2044 1594 2138 1672 11,
2195 1593 2388 1680 268),
2435 1597 2556 1659 sub
2601 1600 2778 1679 patre

396 1703 467 1768 L.
527 1706 806 1788 Apronio
862 1704 931 1769 in
990 1703 1208 1770 Africa
1266 1705 1583 1789 stipendia
1642 1703 1950 1768 meruerit
2008 1700 2183 1786 (Tac.
2253 1702 2418 1766 Ann.
2491 1699 2566 1776 3,
2640 1699 2776 1786 21).

394 1806 560 1875 Gaio
604 1811 976 1895 imperatori
1024 1809 1270 1898 collega
1308 1811 1435 1875 fuit
1480 1811 1549 1874 in
1598 1808 1933 1876 consulatu
1972 1828 2134 1874 anno
2175 1805 2260 1872 39
2292 1805 2366 1891 1).
2413 1806 2581 1872 Eum
2618 1826 2780 1873 anno

397 1913 483 1979 32
528 1936 591 2000 p.
643 1914 794 1983 Chr.
842 1939 936 1992 n.‚
990 1917 1031 1980 i.
1064 1937 1117 1982 e.
1166 1935 1329 1982 anno
1378 1919 1607 1983 aetatis
1654 1936 1779 2001 quo
1819 1916 2102 2001 primum
2161 1913 2377 1989 licuit,
2421 1915 2778 1992 tricesimu,

394 2027 690 2106 praetura
750 2021 1043 2086 functum
1106 2041 1268 2096 esse,
1322 2043 1443 2088 non
1492 2029 1589 2088 est
1635 2021 1804 2106 quod
1859 2021 2173 2085 miremur
2217 2021 2283 2084 in
2335 2017 2468 2084 filio
2515 2019 2780 2104 Apronii

392 2124 609 2203 illiue,
674 2146 865 2211 quem
930 2133 997 2192 et
1057 2125 1267 2215 gloria
1324 2128 1595 2193 militari
1658 2128 1974 2214 insignem
2042 2129 2106 2190 et
2154 2124 2394 2190 Tiberii
2441 2123 2780 2209 Seianique

396 2232 687 2297 amicitia
722 2231 1049 2298 florentem
1085 2254 1161 2297 ex
1210 2232 1429 2299 Tacito
1467 2235 1770 2298 novimus
1807 2232 1913 2310 (cf.
1941 2233 2103 2296 Ann.
2137 2231 2168 2295 1
2196 2278 2212 2309 ,
2242 2229 2362 2308 72,·
2400 2227 2472 2306 4,
2503 2228 2610 2294 23.
2641 2229 2780 2314 ⁸73).

489 2338 621 2404 Nec
685 2340 901 2432 minus
962 2341 1268 2404 vitiosum
1338 2345 1466 2416 est,
1532 2337 1699 2424 quod
1760 2337 2128 2414 Reimarus,
2195 2357 2384 2422 quem
2449 2335 2783 2402 Bekkerus

397 2451 463 2511 et
512 2442 877 2520 Dindorfius
924 2445 1125 2509 secuti
1174 2449 1358 2528 sunt,
1415 2443 1541 2522 54,
1598 2441 1683 2508 32
1733 2443 1840 2507 καὶ
1889 2441 2032 2508 τότε
2079 2442 2192 2520 μὲν
2246 2480 2328 2490 -
2377 2442 2437 2512 ἐς
2487 2443 2596 2515 τὴν
2645 2439 2782 2505 Ῥώ-

395 2576 519 2632 μην
584 2550 765 2616 ἐλθὼν
814 2550 1154 2629 ἀστυνόμος
1205 2549 1304 2615 ἐπὶ
1356 2573 1426 2614 τε
1475 2551 1729 2616 Κυίντου
1779 2548 1992 2615 Αἰλίου
2041 2549 2146 2613 καὶ
2197 2547 2295 2613 ἐπὶ
2345 2545 2597 2612 Παύλου
2648 2555 2780 2612 Φα-

394 2659 538 2740 βίου
619 2658 871 2723 ὑπατων
940 2658 1165 2735 καίπερ
1242 2657 1361 2727 τὰς
1434 2656 1866 2737 στρατηγικὰς
1939 2656 2130 2733 τιμὰς
2204 2656 2365 2735 ἔχων
2433 2653 2778 2736 ἀπεδείχθη

396 2766 699 2853 (Drusus)
738 2784 850 2851 pro
884 2765 1223 2841 ἀστυνόμος
1266 2764 1549 2849 reposuit
1586 2760 1986 2847 ἀγορανόμος.
2040 2761 2272 2827 Narrat
2310 2759 2434 2826 Dio
2459 2760 2739 2825 Drusum
2760 2809 2779 2844 ,

393 2892 759 2959 quanquam
820 2871 1095 2936 habebat
1142 2875 1509 2936 ornamenta
1548 2870 1862 2955 praetoria
1886 2916 1901 2945 ‚
1949 2874 2165 2934 tamen
2205 2874 2558 2954 praetorem
2596 2868 2783 2933 urba-

396 3000 553 3045 num
614 2983 894 3043 creatum
964 2977 1199 3061 fuisse,
1261 2977 1477 3042 eodem
1544 2974 1734 3042 modo
1797 2995 1921 3060 quo
1983 2981 2050 3041 et
2109 2974 2304 3039 frater
2370 2972 2662 3038 Tiberius
2724 2994 2781 3039 a.

400 3082 532 3152 '738
578 3090 873 3171 praetura
918 3084 1175 3149 functus
1212 3089 1341 3161 eet,
1385 3083 1776 3147 ornamentis
1814 3080 2148 3166 praetoriis
2179 3080 2309 3146 iam
2353 3078 2558 3144 tribue
2603 3078 2784 3145 annis

398 3199 545 3257 ante
608 3194 900 3268 ornatuS,
952 3212 1004 3255 c.
1061 3189 1181 3267 19,
1233 3186 1303 3253 6:
1355 3188 1785 3268 ἐστρατήγησε
1832 3188 1959 3266 γὰρ
2007 3188 2230 3265 καίπερ
2279 3186 2396 3257 τὰς
2445 3208 2783 3265 στρατηγι-

399 3298 515 3369 κὰς
582 3297 771 3375 τιμὰς
830 3294 990 3377 ἔχων
1037 3296 1145 3382 (cf.
1194 3316 1249 3361 c.
1302 3294 1479 3381 104).
1551 3294 1688 3360 Iam
1736 3292 1904 3378 quod
1951 3314 2006 3358 c.
2056 3291 2177 3377 33,
2224 3291 2263 3356 5
2303 3292 2470 3377 apud
2509 3290 2780 3358 Dionem

397 3402 719 3488 sequitur:
768 3401 885 3472 τοὶς
933 3426 1003 3465 τε
1054 3401 1371 3473 ἐπινικίους
1421 3400 1615 3477 τιμὰς
1652 3437 1715 3447 -
1753 3407 1833 3481 τῇ
1881 3422 1953 3463 τε
1994 3401 2100 3463 τοῦ
2145 3396 2497 3464 ἀνθυπάτου
2539 3394 2782 3482 ἐξουσίᾳ

400 3508 735 3573 ἐπειδὰν
800 3506 1475 3588 διαστρατηγῆση
1539 3504 1896 3587 χρησασθαι
1946 3501 2144 3583 ἔλαβε
2193 3502 2567 3571 Reimarum
2618 3523 2783 3569 erro-

396 3614 486 3680 ris
532 3614 766 3702 arguit.

488 3719 712 3806 Inique
768 3739 1015 3805 quoque
1061 3718 1383 3783 interdum
1433 3714 1916 3804 reprehenditur
1961 3716 2084 3781 Dio
2130 3714 2197 3779 in
2244 3715 2360 3793 iis,
2409 3735 2570 3800 quae
2616 3714 2786 3800 apud

397 3820 807 3913 Xiphilinum
859 3823 963 3891 vel
1003 3824 1069 3889 in
1118 3822 1448 3909 Excerptis
1488 3820 2027 3889 Constantinianis
2063 3826 2314 3886 servata
2353 3825 2520 3885 sunt.
2569 3818 2786 3905 Epito-

395 3939 673 3999 matores
717 3931 885 3997 enim
929 3930 995 3995 in
1035 3930 1422 4015 excerpendo
1464 3928 1636 3995 haud
1682 3947 1823 3993 raro
1874 3932 2007 3993 tam
2054 3925 2466 4014 neglegenter
2505 3931 2786 3992 versatos

399 4059 533 4106 esse
552 4086 570 4117 ,
619 4044 694 4104 ut
712 4087 726 4115 ,
777 4037 987 4104 verbis
1034 4035 1277 4122 aliquot
1324 4035 1429 4103 vel
1470 4033 1748 4121 periodis
1789 4032 2041 4099 omissis
2060 4081 2078 4117 ,
2127 4030 2504 4098 sententiam
2563 4032 2786 4098 obscu-

396 4152 539 4212 rent
598 4144 707 4212 vel
768 4143 955 4229 plane
1015 4148 1379 4229 pervertant
1398 4192 1417 4226 ‚
1478 4162 1555 4207 ex
1618 4160 1698 4207 ea
1751 4144 1964 4227 parte,
2013 4158 2138 4224 qua
2185 4136 2308 4205 Dio
2355 4136 2490 4223 ipse
2535 4137 2786 4227 integer

396 4252 580 4318 nobis
628 4255 948 4336 superest,
996 4248 1183 4316 facile
1227 4247 1645 4337 intellegitur.

465 4417 523 4483 1)
568 4417 639 4467 ct.
690 4416 861 4476 Klein,
908 4416 1039 4465 Pati
1089 4414 1373 4466 Comularee
1406 4431 1452 4481 p.
1490 4415 1571 4465 30.
1624 4414 1686 4465 In
1718 4412 1876 4464 indice
1907 4410 2021 4464 libri
2057 4411 2122 4464 59
2157 4410 2327 4463 Dioni·
2360 4424 2535 4462 nomen
2567 4409 2783 4461 Οιαιίιιιὶ

398 4500 712 4565 depravatum
745 4506 817 4549 est
849 4498 902 4549 in
935 4498 1159 4556 κελιανὸς
1190 4496 1221 4556 3}
1254 4498 1527 4555 κεστιανός.
