3436 5161
1420 394 1745 446 nemus.
2526 359 2529 362 ⁴
2646 371 2776 440 193

662 559 784 626 αἰεὶ
834 557 960 639 γάρ
1005 561 1081 637 μ’
1127 557 1323 625 εἴωθεν

389 671 454 733 et
663 665 780 758 αἰεὶ
830 664 956 747 γάρ
1001 664 1050 732 r'
1101 666 1320 730 εἴωθεν.

251 789 264 797 ·
386 771 534 838 Iure
595 770 800 859 igitur
860 776 1074 838 nostro
1120 772 1236 837 hos
1281 772 1406 839 duo
1454 791 1673 838 versus
1718 773 1888 836 inter
1939 775 2111 837 certa
2156 771 2451 857 exempla
2496 772 2779 837 elisionis

387 869 835 965 pronominum
869 901 945 943 rot
993 883 1058 944 et
1081 901 1184 955 μοι
1213 879 1698 944 recensebimus.
1750 876 2001 953 Quibus
2031 877 2383 944 consimilis
2407 881 2504 944 est
2528 877 2777 964 Hymn.

392 982 624 1050 Vener.
667 985 742 1049 9:

662 1093 727 1156 οὔ
775 1088 904 1170 γάρ
949 1092 1002 1158 οἱ
1048 1090 1266 1157 εὔαδεν
1315 1087 1472 1171 ἔργα
1522 1091 1913 1172 πολυχρύσου
1966 1089 2373 1173 Ἀφροδίτης,

392 1198 674 1285 corrige.
723 1197 788 1263 οὗ
835 1196 962 1276 γαρ
1009 1199 1053 1263 r'
1103 1197 1300 1264 ἔπαδε
1346 1197 1552 1277 εὲργα.

482 1303 616 1369 Nec
678 1322 800 1369 non
859 1303 988 1370 huc
1047 1307 1366 1390 pertinent
1425 1327 1526 1381 μοι
1592 1299 1803 1369 ’ἕποντο
1868 1304 1914 1389 (ι
1984 1302 2109 1369 159
2174 1309 2293 1369 etc.
2298 1304 2324 1389 )
2345 1353 2363 1389 ‚
2428 1326 2506 1369 εοι
2568 1325 2782 1369 εποντο

393 1408 478 1493 (Λ
537 1405 670 1472 228
733 1411 883 1496 etc.)
931 1411 1182 1494 simm„
1233 1411 1348 1475 ubi
1392 1409 1528 1488 illi,
1579 1411 1692 1495 qui
1738 1431 1991 1476 mecum
2040 1415 2461 1498 augmentum
2516 1411 2784 1476 minime

394 1534 934 1600 supervacaneum
999 1516 1242 1581 ducunt
1288 1518 1356 1580 in
1401 1516 1626 1582 formis
1673 1514 2034 1582 Homericis
2056 1563 2073 1594 ,
2120 1515 2473 1603 praeferent
2518 1516 2785 1582 fortasse

392 1608 482 1698 μ”
509 1618 747 1690 εἵποντο
771 1671 786 1698 ,
826 1624 872 1687 ν’
911 1619 1168 1688 εἵποντο.
1220 1621 1345 1688 Sed
1383 1621 1502 1688 hoc
1537 1621 1701 1689 alius
1739 1628 1835 1688 est
1876 1623 2361 1708 disputationis3
2401 1643 2569 1688 nunc
2608 1620 2783 1689 solus

393 1727 600 1793 adhuc
647 1734 1186 1796 commemoratus
1231 1734 1367 1800 esto
1414 1748 1635 1796 versus
1684 1738 1756 1794 Ω
1806 1727 1968 1796 75¹7:

667 1839 771 1899 νῦν
819 1834 881 1900 δέ
930 1859 1032 1913 μοι
1083 1832 1314 1915 ἑρσήεις
1366 1833 1472 1900 καὶ
1523 1833 1883 1915 πρόσφατος
1934 1835 1995 1900 ἐν
2040 1833 2368 1915 μεγάροισι
2410 1833 2421 1921 Ι
2464 1843 2687 1900 κεῖσαι.

394 1937 527 2004 Vix
589 1939 891 2006 credibile
948 1940 1236 2016 videtur,
1300 1940 1420 2006 hoc
1483 1939 1622 2007 loco
1685 1942 1860 2007 vocis
1908 1941 2132 2022 ἑρσήεις
2179 1941 2541 2030 neglectam
2587 1941 2785 2006 fuisse

327 2129 332 2133 Δ
394 2043 644 2111 literam
695 2048 1011 2132 primam,
1062 2067 1214 2114 oum
1259 2049 1326 2111 in
1375 2047 1597 2112 eodem
1643 2045 1809 2112 libro
1855 2068 1949 2114 vs.
1998 2047 2129 2115 419
2178 2047 2431 2135 legatur
2477 2041 2593 2112 οἷον
2636 2047 2785 2126 ἐγερ-

395 2150 560 2226 σήεις
625 2160 863 2238 κεῖται,
929 2158 994 2220 et
1051 2153 1297 2238 plenior
1359 2173 1435 2219 ea
1495 2153 1700 2220 forma
1763 2152 1867 2219 hic
1926 2172 2174 2240 quoque
2230 2152 2538 2230 facillime
2581 2153 2785 2240 possit

394 2261 716 2326 revocari:
1253 2342 1260 2348 ‚
1864 2341 1868 2345 ⁴

671 2367 772 2430 νῦν
818 2363 882 2431 δέ
930 2363 1005 2442 μ’
1059 2363 1343 2445 ἕεερσήεις
1395 2355 1504 2429 καὶ
1551 2362 1918 2447 πρόσφατος
1968 2367 2029 2430 ἐν
2077 2363 2399 2443 μεγάροισι

670 2477 870 2536 κεῖσαι
901 2470 971 2559 ¹).

484 2688 682 2757 Levia
743 2695 890 2757 sunt
944 2691 1176 2757 menda
1222 2711 1382 2776 quae
1430 2690 1620 2756 modo
1672 2690 2135 2768 indicavimus,
2184 2695 2249 2757 et
2297 2688 2476 2756 nullo
2522 2693 2780 2778 negotio

392 2803 658 2882 possunt
717 2800 945 2863 sanari.
1031 2796 1158 2863 Sed
1216 2800 1412 2863 etiam
1475 2799 1801 2885 graviores
1862 2794 2253 2882 corruptelae
2300 2796 2659 2882 complures
2704 2818 2782 2863 ex

393 2901 614 2969 eodem
662 2902 834 2969 fonte
880 2908 1256 2989 manarunt3
1305 2904 1472 2989 quod
1522 2907 1670 2968 ante
1714 2906 1930 2969 omnia
1978 2904 2247 2970 conabor
2292 2906 2634 2970 ostendere.

481 3008 754 3074 Initium
813 3006 924 3074 fiat
985 3029 1023 3074 a
1082 3030 1236 3076 voce
1292 3012 1398 3075 cui
1461 3014 1652 3095 caput
1714 3015 1811 3075 est
1866 3010 2183 3077 abscisum
2206 3057 2225 3092 ,
2272 3015 2347 3075 ut
2391 3010 2783 3096 pronominis

391 3136 493 3191 μοι
557 3112 740 3180 elisio
799 3120 1010 3200 posset
1071 3116 1285 3182 vitari.
1371 3114 1637 3181 Versum
1705 3121 1919 3201 specto
1985 3124 2035 3179 K
2084 3111 2247 3193 285,
2299 3114 2407 3180 ubi
2456 3117 2547 3182 sic
2592 3116 2783 3183 balbo

391 3239 497 3285 ore
543 3219 884 3287 Diomedes
935 3220 1263 3288 Minervae
1312 3220 1629 3287 auxilium
1679 3220 2054 3308 implorasse
2101 3222 2338 3288 fertur:

666 3326 845 3392 σπεῖό
889 3349 991 3403 μοι
1013 3378 1031 3402 ,
1080 3330 1156 3401 ὥς
1207 3324 1308 3394 ὅτε
1360 3328 1548 3408 πατρὶ
1596 3324 1715 3405 ἅμ’
1763 3324 1946 3393 ἕσπεο
1996 3327 2190 3393 Τυδέϊ
2229 3327 2352 3405 δίῳ.

395 3432 484 3500 At
526 3452 650 3499 non
695 3434 815 3500 hoc
863 3434 1064 3519 dixit,
1107 3454 1317 3521 ⁴neque
1360 3435 1454 3502 ita
1501 3433 1985 3500 πλατειάσδοντι
2035 3434 2151 3500 dea
2197 3455 2417 3500 aurem
2456 3436 2781 3521 praebuis-

395 3543 527 3617 set;
579 3538 688 3605 sed
736 3539 996 3606 dederat
1041 3546 1264 3627 poeta:

667 3642 856 3712 ἕσπεο
904 3648 1003 3725 μ’,
1053 3649 1130 3719 ὥς
1178 3650 1296 3713 etc.

391 3746 589 3835 Apud
647 3749 1005 3818 Homerum
1067 3756 1238 3819 enim
1303 3754 1572 3819 aoristus
1639 3751 1953 3839 ἑσπόμην,
2014 3758 2202 3820 natus
2265 3774 2342 3819 ex
2389 3752 2779 3840 σεσεπόριην,

392 3854 958 3941 reduplicationem
1008 3879 1190 3925 suam
1240 3864 1452 3926 servat
1498 3880 1610 3945 per
1650 3880 1871 3926 omnes
1907 3860 2167 3937 modos;
2205 3860 2537 3949 legitimae
2574 3864 2782 3949 igitur

393 3960 560 4046 apud
607 3982 752 4027 eum
798 3958 948 4029 sunt
993 3964 1232 4031 formae
1280 3962 1606 4043 ἑσπέσθαι,
1662 3961 1881 4043 ἕσπεο,
1932 3966 2260 4043 ἑσπόμενος
2284 4015 2299 4043 ,
2348 3988 2463 4032 nec
2510 3966 2781 4033 dubium

393 4072 488 4132 est
533 4069 688 4153 quin
734 4070 1138 4137 Aristarchus
1160 4120 1176 4145 ,
1229 4073 1335 4138 cui
1381 4072 1612 4138 merito
1661 4072 1935 4139 editores
1974 4071 2321 4139 Larochius
2360 4078 2425 4139 et
2462 4070 2782 4140 Chr-istius

461 4256 517 4321 1)
563 4257 678 4307 Non
725 4254 866 4320 η’ρση
881 4295 896 4318 ,
935 4256 1148 4322 rapuisse
1195 4258 1456 4308 Homerica
1490 4261 1629 4318 sunt,
1664 4260 1745 4309 sed
1778 4254 1947 4323 ἰνίρση
1960 4295 1973 4321 ,
2015 4257 2268 4325 inpensae.
2318 4262 2491 4313 Forma
2532 4260 2783 4327 trisyllaba

391 4340 564 4409 ἔπερσα
597 4346 745 4397 ctiam
776 4348 988 4398 Pindaro
1021 4348 1074 4398 in
1107 4364 1196 4398 usu
1229 4352 1323 4400 est:
1361 4348 1501 4397 Nem.
1539 4348 1596 4407 3,
1637 4348 1765 4409 1853
1804 4349 1849 4410 7,
1871 4352 1995 4410 116;
2030 4353 2088 4410 8,
2120 4352 2199 4402 68.
2230 4352 2357 4402 Item
2373 4352 2571 4401 Theocr.
2592 4351 2647 4399 11
2669 4349 2780 4401 107.

460 4434 558 4483 Pro
605 4437 762 4485 λῦσόν
812 4428 856 4485 θ’
905 4432 1140 4500 ἑρσήεντα
1189 4438 1222 4485 Ξ
1268 4438 1366 4486 848
1414 4436 1516 4501 lege
1561 4440 1718 4486 λῦσον
1756 4432 2077 4502 stepo-»furem
2110 4440 2266 4490 deleta
2298 4440 2535 4506 particula
2566 4455 2627 4488 τε
2660 4454 2781 4504 quae

391 4537 588 4589 prorsus
619 4529 694 4575 est
726 4541 1073 4592 supervacanea
1105 4533 1164 4583 ,et
1201 4541 1332 4577 mero
1371 4524 1634 4577 scribarum
1669 4528 1825 4579 errori
1858 4528 2021 4579 deberi
2052 4530 2244 4581 videtur
2276 4521 2417 4596 (081²
2435 4555 2459 4566 -
2480 4520 2630 4595 eeP).
