3436 5161
1372 375 1769 426 naonorus.
2691 355 2777 430 ¹7⁷

383 548 634 611 mutata
673 545 833 629 fuit,
873 548 1204 630 postquam
1250 548 1486 622 πυρσῶν
1523 542 1718 608 stulte
1760 543 2103 608 admodum
2146 545 2213 608 in
2251 549 2493 622 Περσῶν
2516 546 2773 610 abierat.

384 649 618 717 Contra
681 658 920 728 Περσῶν
984 651 1226 715 factum
1295 655 1390 714 est
1448 649 1764 728 πρέσβεων
1811 648 2021 715 Schol.
2074 651 2269 715 Arist.
2318 650 2591 716 Acharn.
2644 648 2775 715 649

384 762 450 823 et
495 759 888 838 πρεσβευτῶν
935 755 1130 841 apud‘
1157 753 1563 821 Charitonem
1616 776 1678 840 p.
1734 755 1883 820 124.
1932 753 2041 820 23.
2114 755 2233 822 Est
2282 761 2498 822 autem
2548 758 2776 844 impri-

384 865 510 930 mis
577 862 990 930 memorabile
1052 884 1222 928 nunc
1284 867 1452 928 certe
1500 882 1715 927 veram
1768 862 2102 928 lectionem
2155 869 2475 930 servatam
2527 883 2664 928 esse
2714 868 2778 928 in

381 970 506 1034 solo
564 969 761 1034 codice
824 970 1113 1032 Roma-no.
1202 966 1376 1033 Scire
1441 966 1753 1053 pervelim
1820 967 1973 1052 quid
2038 974 2255 1034 contra
2309 969 2529 1034 afferre
2574 972 2776 1054 possit

385 1075 703 1161 Steinius,
767 1079 950 1142 cuius
1003 1075 1354 1160 disputatio
1399 1075 1468 1138 iu
1519 1073 1817 1140 Bursiani
1868 1073 2229 1140 Annalibus
2277 1073 2478 1140 XXX
2532 1098 2595 1161 p.
2646 1073 2777 1142 186

385 1181 574 1247 hodie
620 1183 687 1247 in
739 1201 969 1248 manus
1015 1201 1190 1246 meas
1235 1181 1548 1266 pervenit.

477 1424 616 1492 VII.
687 1423 850 1492 194:
914 1425 1146 1502 ἔμελλε
1195 1426 1262 1490 οὔ
1310 1424 1380 1490 τὸ
1427 1423 1697 1506 δεύτερον
1748 1425 2075 1508 διαφυγὼν
2126 1425 2155 1491 ἔ
2171 1451 2256 1492 σε
2273 1428 2358 1493 σθ
2379 1453 2421 1492 α
2438 1453 2479 1494 ι.
2551 1428 2614 1495 N
2616 1449 2779 1494 eces-

387 1534 624 1598 sarium
665 1538 761 1597 est
809 1555 858 1596 οτ
878 1555 908 1596 ε
923 1556 952 1613 ρ
973 1555 991 1596 ι
1011 1533 1036 1596 ἐ
1055 1554 1093 1595 σ
1109 1555 1138 1596 ε
1157 1533 1366 1597 σθαι.
1433 1530 1695 1600 Similes
1739 1533 2125 1619 corruptelas
2164 1535 2525 1601 examinavi
2552 1536 2778 1600 Mum.

387 1635 482 1704 111
538 1636 692 1704 486.

480 1867 860 1934 Persuasum
928 1867 1190 1935 Graecis
1251 1873 1424 1952 erat,
1491 1866 1618 1933 VII
1673 1865 1844 1947 203,
1912 1865 2068 1934 εἶναι
2133 1869 2339 1944 θνητὸν
2388 1853 2598 1936 οὐδένα
2648 1871 2779 1937 οὐδὲ

391 1970 722 2038 ἔσεσθαι
770 1979 854 2056 τῷ
903 1978 1090 2040 κακὸν
1139 1974 1207 2052 ἐξ
1254 1976 1453 2057 άρχῆς
1502 1973 1801 2055 γινομένῳ
1850 1977 1915 2040 οὐ
1964 1976 2327 2058 συνεμίχθη.
2398 1975 2613 2042 Malo:
2658 2002 2779 2055 ys-

391 2079 694 2148 νέσθαι.
767 2079 874 2146 Sic
922 2082 1182 2148 demum
1235 2082 1304 2146 in
1345 2082 1755 2165 sequentibus
1798 2083 2195 2148 ratiocinatio
2238 2092 2405 2148 recte
2446 2084 2779 2148 constabit.

396 2185 521 2252 Sed
571 2187 724 2273 quid
772 2189 1029 2255 tandem
1075 2187 1237 2254 latet
1287 2188 1405 2253 sub
1456 2195 1666 2253 πεσεῖν
1712 2186 1834 2254 ἄν’(

484 2414 693 2497 Quam
754 2416 1023 2483 ridicule
1086 2415 1212 2484 VII
1269 2415 1437 2483 218:
1502 2369 1979 2497 καταρρωδήσας
2026 2419 2114 2496 μὴ
2163 2419 2231 2482 οἱ
2284 2418 2592 2493 Φωκέες
2642 2415 2781 2483 ἔωσι

394 2521 894 2603 Λακεδαιμόνιοι.
965 2523 1312 2612 Expunge:
1363 2523 1429 2589 ol
1481 2521 1807 2597 Φωκέες.
1883 2521 2120 2609 Ecquis
2166 2521 2591 2591 contradicet?

485 2750 715 2817 Xerxis
774 2761 871 2819 est
932 2757 1245 2821 sententia
1308 2752 1432 2819 VH
1489 2752 1654 2820 237:
1720 2752 1811 2819 ὅτι
1878 2756 2167 2827 πολιήτης
2236 2753 2349 2829 μὲν
2400 2754 2665 2835 πολιήτῃ
2711 2748 2780 2819 εὖ

393 2860 722 2937 πρήσσοντι
770 2860 1005 2941 Φθονέει
1057 2860 1162 2925 καὶ
1213 2859 1303 2929 ἔςι
1354 2860 1650 2937 δυσμενὴς
1696 2870 1794 2941 τῇ
1844 2868 2059 2940 σιγῇ.
2139 2858 2313 2925 Num
2362 2860 2481 2925 hoo
2536 2859 2781 2925 intelli-

388 2962 538 3051 gis?
606 2965 780 3032 Num
840 2968 1068 3053 probas
1115 2964 1434 3033 Steinium
1485 2968 1595 3052 qui
1644 2968 1736 3033 ita
1782 2967 2074 3031 adnotat:
2126 2966 2313 3029 durch
2359 2971 2486 3029 sein
2536 2967 2780 3030 Schwei-

381 3094 498 3153 μου
519 3120 538 3155 ,
581 3095 666 3137 wo
711 3096 776 3137 er
821 3074 1080 3137 ratbend
1113 3074 1244 3137 und
1284 3074 1570 3137 warnend
1613 3072 1741 3136 sich
1782 3079 2029 3136 ἁὲιιεεσνη
2054 3070 2275 3136 sollte?
2316 3069 2541 3137 Nonne
2564 3074 2782 3138 verius

390 3182 490 3243 est
534 3188 627 3261 τῇ
680 3185 736 3261 φ
755 3177 788 3244 ὐ
805 3202 844 3243 σ
864 3175 924 3244 t?

483 3404 663 3472 VIII.
714 3405 792 3471 2:
842 3408 890 3471 ol
941 3403 1276 3488 σύμμαχοι
1325 3408 1431 3472 οὐκ
1482 3403 1769 3487 ἔφασαν,
1822 3406 1891 3481 ἣν
1932 3407 2021 3483 μὴ
2067 3405 2095 3470 ὃ
2138 3404 2367 3472 Λάκων
2409 3406 2781 3486 ἡγεμονεύῃ,

391 3510 573 3585 Ἀθη
597 3511 898 3577 ναίοισι
965 3506 1220 3591 ἕψεσθαι
1284 3512 1684 3590 ἡγεομένοισι.
1774 3510 2091 3595 Equidem
2154 3511 2581 3597 scripsissem:
2646 3510 2782 3577 άλ-

389 3632 606 3683 λοισι
653 3614 934 3697 ἕψεσθαι.

483 3843 580 3911 De
640 3844 1118 3911 Euboeensibus
1177 3844 1462 3933 legimus
1521 3843 1680 3909 VIII
1744 3844 1869 3910 20:
1933 3844 2072 3910 οὔτε
2132 3843 2567 3922 ἐξεκομίσαντο
2617 3842 2783 3908 οὐδὲν

391 3948 534 4016 οὔτε
598 3950 1214 4030 προσεσάξαντο
1279 3951 1382 4020 vel
1447 3949 2055 4029 προεσάξαντο,
2120 3970 2279 4035 quae
2348 3955 2445 4014 est
2512 3947 2787 4014 Romani

393 4054 648 4128 Codicis
695 4060 1026 4144 scriptura.
1102 4057 1268 4122 Mihi
1315 4058 1572 4142 quidem
1625 4058 1745 4123 hoc
1793 4058 2051 4145 egregie
2099 4054 2422 4142 displicet,
2469 4076 2585 4120 nec
2632 4058 2788 4121 satis

393 4168 492 4229 est
539 4164 834 4249 praesidii
887 4164 965 4230 ad
1021 4163 1358 4250 vulgatam
1409 4163 1708 4228 tuendam
1753 4166 1819 4228 in
1858 4163 1891 4227 I
1936 4162 2085 4228 190.
2136 4160 2529 4228 Commendo
2573 4184 2787 4240 προε-

395 4268 914 4346 Φυλάξαντο.
989 4269 1202 4333 Etiam
1253 4268 1307 4333 V
1361 4267 1446 4333 34
1495 4268 1848 4349 ἐφράξαντο
1900 4269 2059 4333 abiit.
2106 4271 2173 4333 in
2216 4265 2539 4343 ἐσάξαντο.
2589 4264 2789 4333 Scho-

393 4374 528 4441 lion
595 4382 693 4441 ost
754 4376 833 4441 ad
885 4373 1069 4441 Iliad.
1121 4384 1181 4439 Ψ
1225 4372 1392 4440 659:
1435 4378 1468 4451 ἦ
1519 4374 1743 4453 διπλῆ,
1794 4370 1884 4440 ὅτι
1933 4374 2283 4456 ἰσαρίθμους
2333 4381 2457 4444 τοῖς
2500 4371 2789 4445 ἐπάθλοις

397 4482 710 4565 άγωνιςὰς
745 4490 963 4561 καλεῖ,
991 4481 1298 4547 καὶτοῦτο
1325 4481 1427 4546 ἐπὶ
1456 4480 1702 4547 πάντων
1739 4481 2057 4547 τάττει.
2094 4480 2303 4568 Lege:
2343 4480 2565 4562 Φυλά
2586 4503 2726 4545 ττε
2748 4502 2787 4544 ι.
