3436 5161
1463 375 1862 426 ueneror-us.
2770 358 2853 425 ’71

471 540 765 622 ι’ροτάτας
820 541 889 617 δὴ
939 540 1176 614 ἐκείνας
1226 531 1564 621 νομίζοντες
1613 537 1789 608 εἶναι.
1858 540 2103 608 Deinde
2148 541 2441 608 additur:
2484 541 2747 622 λέγεται
2793 543 2855 608 δὲ

471 648 577 722 καὶ
637 651 714 720 ὦς
777 649 987 713 ἐλαῖαι
1053 645 1209 722 ἦσαν
1263 647 1478 713 ἄλλοθι
1528 657 1649 728 γῆς
1701 647 1970 726 οὐδαμοῦ
2020 647 2169 713 κατ’
2223 649 2447 714 ἐκεῖνον
2491 649 2597 715 τὸν
2643 647 2857 730 χρόνον

471 758 505 832 ἢ
556 757 616 821 ἐν
665 755 969 836 Ἀθήνῃσι.
1056 753 1206 820 'Pria
1249 760 1570 840 postrema
1615 756 1810 822 verba
1858 753 2137 822 Oobetus
2184 754 2424 822 delevit
2470 755 2625 823 Var.
2675 755 2849 822 Lect.

468 883 530 948 p.
583 860 750 928 418:
799 860 945 928 Non
992 866 1088 926 est
1133 860 1374 939 hercle,
1425 863 1674 947 inquit,
1722 868 1908 928 vetus
1944 864 2212 946 scriptor
2253 860 2504 927 Ionicus
2546 865 2658 947 qui
2697 862 2853 928 haec

469 968 748 1052 addidit,
796 967 906 1032 sed
952 966 1186 1033 sciolus
1233 970 1346 1054 qui
1392 968 1688 1034 credebat
1733 967 1901 1033 oleas
1947 966 2095 1032 illas
2134 968 2201 1032 in
2248 971 2609 1034 urbenasci.
2650 969 2856 1035 Hero-

471 1075 660 1140 dotus
721 1073 950 1140 saltem
1011 1075 1074 1139 ἐν
1133 1084 1210 1154 τῇ
1275 1076 1534 1155 ’Arc-axio·
1599 1073 1884 1140 dixisset.
1940 1073 2257 1161 ¹Longius
2316 1075 2849 1161 progrediendum

473 1187 601 1260 est,
648 1183 750 1246 uti
795 1180 1100 1265 arbitror3
1150 1183 1288 1246 tota
1333 1180 1658 1258 adnotatio
1703 1179 1970 1246 delenda
2018 1187 2132 1244 est.
2204 1179 2363 1244 Tam
2402 1180 2601 1247 stulta
2640 1179 2857 1248 fabula

469 1289 626 1374 ipsis
679 1285 936 1352 Graecis
983 1287 1304 1352 veteribus
1349 1305 1703 1370 numquam
1754 1286 2002 1370 probari
2060 1287 2272 1371 potuit
2318 1292 2383 1352 et
2430 1287 2485 1350 si
2534 1289 2644 1372 qui
2694 1287 2855 1351 forte

468 1393 939 1480 probavissent,
1003 1391 1370 1458 Herodotus
1427 1412 1556 1457 non
1603 1391 1925 1458 retulisset
1972 1394 2037 1456 in
2085 1393 2419 1458 historiam
2468 1393 2636 1478 quod
2684 1395 2858 1460 omni

469 1497 594 1565 fide
640 1500 1020 1566 destitutum
1069 1504 1251 1564 esset.
1323 1497 1414 1563 Ut
1459 1497 1585 1563 alia
1633 1503 1910 1576 taceam,
1958 1503 2142 1564 norat
2191 1505 2357 1564 certe
2405 1519 2599 1584 quam
2649 1498 2858 1565 multa

468 1605 536 1670 in
592 1603 860 1670 Graecia
923 1603 1064 1670 loca
1125 1605 1204 1669 ab
1267 1603 1523 1670 olivetis
1584 1624 1818 1669 nomen
1880 1604 2185 1669 haberent
2252 1611 2317 1671 et
2361 1608 2741 1670 meminerat
2788 1626 2855 1670 se

465 1711 678 1799 legere
740 1710 909 1796 apud
970 1710 1366 1777 Homerum:
1433 1711 1516 1776 τὼ
1583 1710 1643 1775 δὲ
1707 1707 2083 1791 καθεζομένω
2153 1711 2310 1789 ἱερῆς
2372 1710 2543 1790 παρὰ
2600 1710 2857 1788 πυθμέν’

469 1818 704 1892 ἐλαίης.
774 1817 1110 1883 Petierunt
1153 1817 1360 1883 oleam
1407 1818 1485 1882 ab
1534 1815 2038 1883 Atheniensibus
2076 1815 2410 1902 Epidaurii
2446 1815 2738 1897 ἱροταὶτας
2780 1817 2851 1890 δὴ

470 1926 702 1995 ἐκείνας
751 1923 1092 2006 νομίζοντες
1141 1919 1317 1989 εἶναι.
1389 1922 1566 1990 Haec
1605 1925 1783 2010 justa
1833 1943 2022 1989 causa
2070 1927 2185 1988 est·

559 2133 938 2224 Significant
997 2133 1292 2222 Spartani
1358 2133 1421 2200 V
1487 2135 1569 2200 91
1638 2157 1704 2202 se
1760 2134 2071 2222 Hippiam
2121 2138 2189 2201 in
2234 2139 2509 2222 patriam
2558 2138 2855 2204 reducere

469 2241 665 2320 velle,
731 2241 829 2308 ἵνα
895 2245 1064 2322 κοινῷ
1133 2266 1203 2306 τε
1252 2242 1420 2322 λόγῳ
1467 2241 1572 2306 καὶ
1622 2243 1789 2323 κοινῷ
1839 2241 1996 2324 ςόλῳ
2046 2242 2618 2322 ἐσαγαγόντες
2667 2244 2855 2310 αὐτὸν

470 2349 530 2420 ἐς
578 2349 695 2421 τὰς
749 2348 1008 2424 Ἀθήναις
1050 2348 1376 2426 ἀποδῶμεν
1412 2347 1498 2412 τὰ
1539 2349 1642 2413 καὶ
1686 2347 2093 2425 ἀπειλόμεθα.
2142 2350 2439 2416 Aoristus
2478 2350 2585 2415 hic
2626 2350 2851 2436 displi-

467 2458 568 2521 cet
614 2461 680 2520 et
727 2454 1292 2534 ἐπανάγοντες
1339 2454 1460 2521 hoo
1508 2454 1766 2520 dieitur.

555 2666 859 2734 Nondum
909 2690 948 2735 a
994 2689 1312 2755 quoquam
1361 2668 1762 2735 intellectum
1810 2668 1937 2734 fuit
1985 2669 2152 2755 quod
2199 2670 2277 2735 de
2322 2668 2599 2736 Melissa
2628 2668 2849 2736 Corin-

467 2773 588 2839 thii
637 2781 970 2839 narrarunt
1004 2774 1066 2839 V
1103 2774 1205 2840 92.
1259 2774 1538 2841 Evocate
1579 2781 1721 2861 post
1760 2781 2032 2841 mortem
2071 2795 2233 2840 uxor
2269 2774 2599 2841 Periandri
2625 2782 2848 2862 questa

467 2885 564 2946 est
610 2901 676 2947 se
722 2882 934 2968 algere
979 2902 1126 2947 cum
1173 2882 1346 2945 nuda
1391 2886 1588 2947 esset:
1638 2887 1756 2947 τῶν
1804 2880 1929 2960 γάρ
1977 2882 2027 2946 οἱ
2074 2882 2525 2960 συγκατέθαψε
2574 2882 2850 2959 εἱμάτων

463 2986 687 3071 ὄφελος
752 2984 902 3053 εἶναι
951 2988 1118 3055 οὐδὲν
1166 2990 1247 3054 οὐ
1295 2988 2002 3056 κατακαυθέντων.
2088 2988 2385 3056 Inaudita
2421 2990 2677 3075 querela
2716 2995 2845 3068 est,

463 3116 656 3182 quam
703 3100 847 3161 tum
894 3095 1160 3161 demum
1206 3094 1568 3182 intelligere
1615 3116 1973 3181 possemus,
2026 3098 2081 3161 si
2124 3095 2391 3163 Melissa
2437 3099 2613 3162 omni
2667 3102 2849 3162 veste

462 3202 744 3269 detracta
801 3203 872 3267 in
932 3222 1165 3290 rogum
1227 3201 1531 3286 imposita
1583 3204 1828 3269 fuisset.
1900 3201 2023 3267 Sed
2070 3204 2295 3269 ricinia
2342 3224 2490 3287 cum
2542 3203 2845 3269 cadavere

463 3308 954 3386 comburuntur3
999 3311 1137 3393 jam
1183 3306 1402 3373 nullus
1441 3328 1662 3373 eorum
1705 3329 1859 3375 usus
1897 3314 2027 3385 est,·
2072 3310 2287 3393 itaque
2322 3307 2585 3373 Melissa
2625 3314 2849 3394 questa

463 3420 559 3479 est
605 3414 878 3492 εἱμάτων
926 3411 1148 3496 ὄφελος
1198 3408 1350 3479 εἶναι
1391 3413 1558 3479 οὐδὲν
1598 3414 2477 3492 συγκατακαυθέντων.
2526 3414 2685 3479 'Pam
2728 3414 2848 3480 hoc

463 3528 560 3586 est
620 3526 944 3606 apertum,
1007 3526 1081 3586 ut
1141 3521 1394 3587 credam
1444 3523 1642 3587 etiam
1692 3520 1851 3587 alios
1897 3520 2027 3586 fere
2073 3523 2425 3587 necessario
2471 3523 2539 3584 in
2586 3521 2849 3587 eandem

461 3629 886 3711 suspicionem
926 3626 1262 3703 incidisse3
1300 3627 1410 3691 sed
1447 3628 1715 3692 retinuit
1758 3646 1863 3692 eos
1888 3626 2057 3711 quod
2080 3646 2231 3691 mox
2254 3630 2562 3712 sequitur.
2602 3626 2849 3711 Nempe

460 3730 804 3797 Periander
858 3731 1149 3817 spoliatis
1215 3731 1540 3799 nobilibus
1608 3734 1919 3797 matronis
1986 3768 2063 3779 -—
2142 3737 2563 3797 convenerant
2631 3737 2849 3798 autem

458 3836 620 3903 festo
665 3836 770 3903 die
807 3840 876 3902 et
919 3838 1127 3917 κόσμῳ
1173 3839 1260 3918 τῷ
1311 3839 1592 3915 καλλίστῳ
1637 3838 1973 3916 χρεόμεναι
2000 3874 2069 3885 -
2111 3839 2601 3921 pretiosissimas
2642 3843 2849 3903 vestes

461 3946 868 4024 συμφορήσας
932 3944 994 4016 ἐς
1039 3947 1288 4024 ὄρυγμα
1336 3944 1626 4025 Μελίσσῃ
1675 3942 2089 4023 ἐπευχόμενος
2141 3942 2559 4010 κατέκαιε.
2628 3943 2850 4028 Itaque

459 4048 562 4113 his
607 4051 892 4116 vestibus
939 4052 1173 4117 misera
1217 4050 1480 4117 Melissa
1526 4070 1649 4117 non
1697 4052 1910 4136 magis
1960 4051 2057 4114 uti
2106 4050 2351 4133 potuit3
2401 4048 2573 4113 nuda
2612 4051 2851 4115 mansit

459 4159 535 4218 ut
595 4160 732 4221 erat
783 4176 899 4220 nec
963 4156 1149 4221 video
1196 4156 1512 4241 quomodo
1560 4159 1696 4242 ejus
1742 4158 1837 4221 ira
1881 4154 2130 4241 placata
2176 4154 2279 4219 sit.
2351 4153 2596 4220 Deinde
2641 4160 2849 4222 vestes

459 4260 528 4323 in
589 4260 824 4326 fossam
843 4308 862 4337 ,
917 4258 1200 4339 ὄρυγμα,
1267 4260 1533 4327 collatae
1587 4283 1666 4327 ne
1714 4263 1983 4326 cremari
2032 4260 2288 4343 quidem
2339 4265 2637 4345 possunt,
2691 4261 2847 4326 dum

459 4364 676 4432 fumus
744 4366 959 4433 omnia
1021 4367 1266 4433 obtinet
1317 4379 1381 4433 et
1427 4388 1533 4433 aer
1579 4366 2051 4433 intercluditur.
2124 4365 2293 4446 Quid
2336 4369 2543 4454 igitur
2587 4366 2847 4431 Perian-

461 4468 616 4535 der?
683 4471 934 4559 Nempe
980 4470 1206 4551 κόσμον
1255 4474 1358 4541 τὸν
1405 4472 1735 4553 καλλιςον,
1783 4473 1903 4539 hoc
1942 4480 2039 4539 est
2078 4496 2265 4537 aurea
2302 4482 2647 4537 ornamenta
2685 4492 2846 4557 quae
