3436 5161
1497 356 1814 405 nonnus.
2720 344 2757 403 2
2773 341 2797 402 l
2813 338 2851 401 3

469 522 776 611 fingimus
837 523 1020 587 bullis
1075 525 1483 606 exornatum,
1543 527 1608 586 at
1653 524 1733 585 ab
1779 521 2092 587 eiusmodi
2140 520 2335 587 bullis
2382 521 2851 587 alienissimum

469 636 570 696 est
614 650 844 695 nomen
892 629 1330 713 umbilicorum,
1388 629 1569 695 cuius
1616 629 1894 693 nominis
1941 632 2218 713 potestas
2263 648 2385 694 non
2432 630 2557 693 nisi
2591 631 2659 692 in
2697 626 2856 693 tales

471 757 570 802 res
629 735 953 801 transferri
1013 740 1220 820 potest
1285 756 1443 819 quae
1491 738 1558 799 in
1607 734 1776 799 orbis
1822 733 2094 799 alicuius
2141 739 2353 801 centro
2402 737 2530 799 sint
2576 736 2819 819 positae

472 841 1008 928 quemadmodum
1055 844 1122 906 in
1169 841 1379 907 medio
1427 847 1645 907 ventre
1701 839 2049 905 umbilicus
2096 842 2395 906 cernitur.
2444 839 2552 905 Sic
2600 839 2861 928 Ogygia

473 948 765 1025 ὀμφαλὸς
830 947 1148 1021 θαλάσσης
1213 948 1284 1033 (οι
1350 946 1464 1033 60)
1529 946 1887 1031 appellatur
1946 953 2010 1011 et
2072 946 2287 1033 Pytho
2335 966 2517 1032 saepe
2564 948 2858 1027 ὀμφαλὸς

405 1094 412 1099 -
474 1064 594 1133 γῆς
641 1053 860 1131 audit;
905 1058 1104 1135 iqum
1151 1072 1398 1139 quoque
1449 1061 1516 1116 Ω
1569 1051 1698 1117 269
1741 1052 2065 1132 ὀμφαλόεν
2104 1052 2340 1118 dicitur
2378 1055 2529 1137 quia
2568 1053 2859 1118 medium

472 1160 665 1225 habet
711 1159 1050 1225 umbonem
1069 1179 1088 1237 ς
1139 1161 1294 1224 item
1342 1160 1607 1223 volumen
1645 1180 1836 1223 suum
1882 1158 2073 1223 habet
2113 1158 2443 1239 ὀμφαλόν,
2484 1159 2857 1240 umbilicum,

474 1265 802 1351 aptissime
863 1266 954 1329 sic
1015 1275 1313 1330 vocatum
1371 1267 1522 1348 quia
1584 1266 1865 1329 cernitur
1927 1266 1993 1327 in
2048 1264 2261 1330 medio
2329 1263 2525 1329 latere
2588 1264 2863 1353 cylindri

476 1393 664 1458 quem
729 1371 892 1436 liber
952 1370 1280 1437 involutus
1341 1370 1564 1445 efficit3
1627 1369 1929 1455 quicquid
1994 1390 2143 1435 vero
2189 1391 2313 1435 non
2364 1373 2429 1435 in
2480 1372 2694 1437 medio
2742 1374 2863 1436 cir-

477 1478 620 1545 culo
683 1477 1060 1543 collocatum
1125 1498 1238 1543 nec
1300 1480 1560 1542 unicum
1631 1481 1761 1555 est,
1826 1497 1953 1542 non
2019 1479 2229 1565 magis
2291 1476 2585 1543 umbilici
2632 1499 2864 1544 nomen

475 1604 780 1669 usurpare
826 1590 1033 1670 potest
1079 1605 1268 1669 quam
1321 1585 1528 1648 ventri
1577 1582 1789 1669 plures
1832 1588 2097 1667 possunt
2148 1604 2282 1649 esse
2328 1583 2657 1651 umbilici:

840 1691 946 1755 οὐκ
993 1691 1226 1767 ἀγαθὸν
1275 1690 1761 1769 πολυομφοιλίη,
1813 1683 1898 1761 εἷς
1947 1689 2238 1770 ὀμφαλὸς
2290 1687 2483 1754 ἔστωῖ

481 1796 602 1862 Vix
647 1799 851 1884 igitur
897 1796 1164 1861 dubium
1209 1796 1464 1860 videtur
1505 1799 1658 1880 quin
1700 1799 1985 1881 graviter
2022 1796 2129 1861 hic
2169 1795 2346 1861 loeus
2388 1798 2472 1861 sit
2496 1802 2862 1882 corruptus;

479 1924 672 1989 quam
729 1902 1146 1987 suspicionem
1201 1908 1394 1990 auget
1443 1904 1708 1967 verbum
1760 1899 1851 1965 ἔεν
1896 1902 2181 1969 subiecto
2231 1902 2635 1968 destitutum.
2706 1902 2865 1969 Bar-

479 2011 694 2075 nesius
752 2030 862 2095 pro
921 2008 1014 2073 ἔεν
1075 2009 1501 2073 substituebat
1561 2004 1714 2087 ἕως
1765 2010 1856 2073 sic
1902 2007 2235 2073 lucramur*
2274 2029 2421 2075 sane
2467 2010 2865 2089 subiectum,

482 2116 594 2181 sed
655 2114 948 2181 umbilici
996 2117 1106 2181 isti
1153 2122 1428 2202 pergunt
1475 2114 1725 2180 foedare
1772 2135 1961 2199 quem
2011 2134 2229 2180 ornare
2276 2114 2521 2181 scilicet
2566 2116 2867 2181 dicuntur

481 2223 781 2311 clypeum
809 2219 882 2307 ¹).
2441 2224 2448 2230 '

576 2328 858 2395 Turbata
895 2349 1028 2394 esse
1067 2327 1372 2393 vocabula
1411 2327 1612 2394 efficio
1659 2351 1737 2394 ex
1776 2326 2153 2394 scholiastae
2193 2327 2435 2393 verbis:
2476 2327 2707 2411 λευκοί]
2732 2327 2869 2405 ὀξυ-

481 2436 786 2521 τονητέον,
851 2432 948 2499 ἵνα
1011 2434 1110 2499 ἐπὶ
1173 2436 1290 2497 τῶν
1349 2436 1689 2515 ὀφθαλμῶν
1752 2434 1919 2522 (lege
1976 2432 2305 2518 ὀμφαλῶν)
2354 2432 2592 2506 κέηται.
2637 2434 2751 2499 εἰσὶ
2803 2432 2864 2498 δὲ

483 2534 538 2608 οἳ
586 2546 992 2622 περισπῶσιν,
1040 2536 1140 2606 ἵνα
1189 2544 1398 2619 γενικὴ
1447 2539 1747 2619 γένηται,
1800 2540 2068 2605 ἐπίθετον
2110 2542 2215 2604 τοῦ
2261 2539 2639 2622 κασσιτέρου.
2690 2540 2870 2606 Licet
2962 2602 2969 2612 ,

485 2653 701 2716 autem
743 2651 1074 2714 restituere
1114 2652 1393 2713 veterem
1434 2649 1816 2732 scripturam
1857 2653 2091 2712 λευκοῖο
2117 2693 2134 2724 ,
2176 2667 2369 2731 quam
2412 2645 2566 2711 dum
2607 2649 2866 2734 impug-

481 2760 596 2821 nat
655 2755 994 2821 scholiasta
1016 2803 1032 2832 ‚
1099 2753 1256 2818 olim
1321 2755 1606 2819 extitisse
1670 2757 1975 2830 testatur3
2035 2751 2187 2818 licet
2243 2749 2333 2816 ἔεν
2354 2799 2371 2830 ,
2438 2754 2604 2838 quod
2652 2760 2865 2820 textus

483 2863 777 2947 praebet,
826 2881 1107 2945 servare,
1157 2862 1212 2925 si
1259 2861 1351 2924 sic
1399 2861 1796 2944 disponimus
1843 2859 2068 2924 verba:

1131 2964 1262 3044 πέρι
1310 2966 1416 3043 μὲν
1471 2965 1683 3029 κύκλοι
1735 2963 1880 3030 δέκα
1930 2961 2195 3043 χάλκεοι
2246 2963 2433 3041 ἦσαν,

850 3074 907 3137 ἐν
958 3073 1020 3137 δέ
1069 3069 1116 3136 r'
1171 3067 1359 3134 ἔσαν
1407 3080 1727 3135 λευκοῖο
1779 3071 2019 3136 ἕνείκοσι
2069 3069 2477 3151 κασσιτέροιο,

854 3178 1242 3261 ὀμφαλὸς
1291 3179 1320 3241 ε’
1336 3203 1363 3242 ν
1413 3178 1727 3256 μέσσοισιν
1776 3175 1867 3241 ἕεν
1918 3178 2181 3255 μέλανος
2231 3178 2487 3244 κυοὶνοιο.

496 3286 702 3373 Clypei
747 3309 907 3351 oram
956 3287 1190 3350 obibant
1238 3285 1430 3349 decem
1479 3289 1692 3350 circuti
1738 3307 1807 3347 ex
1853 3306 1990 3348 aere
2007 3331 2023 3360 ‚
2072 3291 2129 3348 et
2180 3284 2345 3348 intra
2388 3287 2491 3348 laos
2538 3284 2753 3368 viyinti
2798 3307 2871 3349 σω

485 3395 740 3459 candido
788 3402 1032 3470 είαιιιιο,
1081 3394 1146 3457 in
1194 3397 1375 3454 medio
1423 3399 1551 3454 erat
1599 3393 1764 3454 umbo
1812 3413 1884 3454 ex
1930 3391 2103 3471 niqro
2149 3413 2349 3476 eyanO.
2420 3389 2701 3477 Clypeus
2744 3392 2869 3478 igi-

486 3507 594 3566 tur
656 3500 854 3566 simili
919 3503 1144 3564 ornatu
1197 3497 1483 3582 splendet
1515 3502 1718 3587 'atque
1768 3495 2030 3574 thorax,
2079 3517 2269 3581 quem
2319 3497 2534 3581 paucis
2581 3497 2869 3563 versibus

487 3592 638 3672 ante·
679 3613 865 3692 poeta
912 3606 1246 3689 descripsit
1292 3604 1414 3689 (vs.
1467 3603 1552 3665 24
1601 3600 1800 3686 sqq.):
1962 3597 1970 3605 ’

557 3927 609 3990 1)
663 3928 831 3990 Nuper
878 3924 953 3972 W.
999 3921 1178 3987 Helbig
1226 3922 1278 3970 in
1315 3919 1504 3984 egregio
1541 3919 1664 3968 libro
1699 3921 1789 3968 dac
1827 3918 2129 3968 Homo-rische
2158 3920 2277 3980 Epo-5
2308 3934 2397 3967 aas
2429 3920 2517 3968 den
2549 3916 2884 3969 Denkmdlem'

480 4011 720 4059 erllz'utert
765 4014 888 4072 (pag.
937 4006 1058 4062 226)
1111 4004 1382 4061 contendit,
1441 4002 1656 4066 clypeum
1709 4001 1969 4064 quendam,
2027 4003 2405 4064 Agamemnoneo
2456 4001 2781 4060 simillimum,
2819 4002 2871 4051 in

483 4091 797 4140 Scandinavia
839 4105 936 4137 ease
983 4093 1252 4151 repertum,
1307 4085 1469 4134 „cuius
1513 4089 1733 4132 centrum
1776 4083 1927 4131 maior
1972 4082 2222 4131 umbilicus
2264 4087 2507 4148 protegat,
2544 4083 2726 4133 cinctus
2760 4100 2877 4134 non·

483 4172 633 4222 nullis
685 4168 996 4222 minoribus''.
1070 4169 1232 4218 Unum
1283 4171 1443 4216 tamen
1495 4167 1665 4214 addere
1715 4165 1951 4229 neglexit,
2004 4165 2127 4213 unde
2173 4165 2402 4223 effecerit,
2454 4163 2608 4214 bullas
2650 4166 2759 4216 illas
2803 4166 2881 4217 vel

481 4255 712 4312 laminas,
759 4269 880 4318 quac
925 4253 1104 4300 circum
1141 4249 1391 4299 umbonem
1426 4251 1712 4305 cernuntur.
1758 4247 1883 4312 ipsas
1929 4262 2115 4310 quoque
2158 4246 2477 4296 umbilicorum
2510 4248 2701 4296 nomine
2736 4248 2881 4298 fuisse

483 4336 776 4400 designata85
827 4350 937 4383 nam
983 4334 1073 4382 hoc
1119 4332 1273 4397 ipsum
1319 4347 1439 4394 nego
1487 4328 1710 4378 credibile
1757 4345 1881 4388 ease,
1930 4327 2093 4376 lubens
2136 4329 2441 4392 caeteroquin
2484 4330 2561 4378 vel
2607 4330 2707 4380 sine
2740 4331 2878 4380 testi·

482 4418 662 4473 moniis
705 4418 986 4476 concedens,
1039 4414 1238 4464 diversis
1288 4412 1581 4462 ornamentis
1621 4411 1837 4476 potuisse
1888 4410 2121 4474 variegari
2174 4413 2222 4458 et
2270 4410 2388 4460 olim
2438 4411 2681 4476 variegata
2730 4411 2875 4462 fuisse

483 4502 687 4552 heroum
722 4515 868 4550 arma.
