3436 5161
660 352 788 421 172
1645 370 2045 421 nmono‘rus.

651 537 952 619 Φυκυίῃ
1017 538 1162 607 Διὸς
1225 535 1382 614 ἱρόν,
1449 538 1578 603 κτὲ.
1667 537 1880 603 Naber
1942 536 2087 601 vult
2154 538 2461 621 ὑποφῆτις
2524 542 2877 618 πεφυκυῖα,
2930 538 3047 604 sed

654 642 846 727 (qnod
881 645 1018 728 ipse
1056 644 1322 708 sensisse
1358 644 1614 709 videtur
1651 644 2011 709 adscribens
2047 642 2192 722 „vel
2234 645 2291 709 si
2326 643 2393 708 id
2430 646 2641 711 mavis
2666 645 3043 727 γεγονυῒαἽ

652 754 973 829 πεφυκυῖα
1019 752 1294 833 pessime
1341 749 1584 816 dictum
1622 751 1803 817 foret.
1870 750 1967 816 Ne
2004 758 2305 829 γεγονυῖα
2349 749 2608 835 quidem
2647 755 2819 816 recte
2853 751 3047 816 habe·

649 862 782 933 ret,
843 858 1140 940 quoniam
1199 862 1344 941 post
1390 857 1708 941 templum
1757 857 2085 922 conditum
2136 857 2394 922 demum
2447 855 2683 920 mulier
2730 856 2897 921 facta
2942 864 3043 922 est

647 960 824 1028 Iovis
886 963 1215 1043 ὑποφῆτις.
1301 960 1374 1027 Si
1437 962 1778 1029 difficultas
1839 962 2054 1048 aliqua
2116 969 2215 1028 est
2276 966 2343 1027 in
2394 962 2427 1027 ὑ
2446 964 2539 1029 πὸ
2586 965 2777 1043 Φηγῷ
2796 1010 2812 1041 ,
2860 965 3043 1029 cuius

651 1068 890 1135 arboris
949 1071 1193 1133 mentio
1257 1088 1454 1154 paene
1512 1070 1863 1135 necessaria
1909 1068 2187 1143 videtur,
2238 1068 2417 1134 nullo
2464 1071 2723 1155 negotio
2770 1071 3043 1135 conicias

652 1174 783 1237 ἐπὶ
849 1176 1076 1259 φηγῷ,
1141 1174 1250 1241 sed
1313 1174 1466 1259 quid
1527 1178 1614 1241 sit
1665 1196 1780 1240 cur
1826 1195 2130 1259 quercum
2177 1173 2363 1239 illam
2410 1176 2721 1259 peraltam
2770 1180 2836 1240 et
2882 1179 3041 1241 anti-

646 1280 1028 1365 quissimam
1092 1279 1316 1345 aedem
1363 1281 1518 1345 satis
1566 1280 1879 1346 humilem
1930 1280 2127 1345 fuisse
2171 1300 2481 1365 negemus
2529 1281 2825 1365 equidem
2870 1300 3041 1365 pror-

649 1406 760 1451 sus
810 1404 936 1451 non
996 1385 1204 1453 video,
1277 1385 1496 1451 Meam
1557 1386 2119 1472 transpositionem
2159 1388 2473 1467 πεφυκυίῃ
2512 1387 2723 1452 αὐτόθι
2743 1434 2760 1464 ,
2800 1390 2869 1451 in
2914 1407 3043 1471 qua

651 1492 964 1573 πεφυκυίῃ
1015 1491 1336 1558 abundare
1397 1512 1562 1579 nego
1583 1540 1601 1575 ,
1665 1494 1722 1557 si
1784 1512 1908 1557 non
1969 1491 2289 1563 admittis,
2367 1512 2513 1557 cum
2587 1491 3039 1558 Valckenaerio

653 1598 924 1663 scribere
983 1600 1184 1683 possis
1247 1592 1316 1661 εὖ
1364 1598 1711 1678 πεφυκυίῃ,
1762 1603 1827 1663 et
1872 1600 2083 1663 nescio
2128 1617 2208 1663 an
2254 1598 2410 1663 haec
2458 1598 2822 1663 coniectura
2866 1618 3040 1683 prae-

651 1706 811 1786 stet,
859 1705 1010 1787 quia
1054 1705 1146 1769 sic
1193 1704 1482 1769 arborem
1530 1723 1855 1789 proceram
1905 1703 2100 1769 inisse
2146 1705 2281 1787 ipse
2330 1705 2597 1789 scriptor
2644 1702 3041 1791 significave-

645 1809 754 1874 rit.
826 1805 1127 1875 Ceterum
1177 1810 1256 1875 cf.
1305 1809 1574 1876 Paussn.
1627 1810 1698 1875 Π
1748 1808 1835 1873 28
1855 1857 1871 1886 ,
1925 1810 1990 1873 3.

740 2024 803 2090 II
872 2024 1018 2091 161.
1086 2026 1232 2092 Iure
1293 2027 1507 2093 Nsber
1567 2031 1893 2111 vituperet
1954 2026 2269 2093 Steininm
2334 2028 2499 2111 quod
2552 2026 2791 2093 multas
2838 2029 3039 2112 ipsius

651 2132 1039 2197 coniecturas
1099 2142 1302 2198 certas
1366 2138 1477 2197 sut
1524 2132 1882 2219 probabiles
1928 2131 2183 2198 silentio
2233 2135 2763 2217 praetermiserit,
2816 2134 3037 2199 dubito

653 2240 870 2302 tamen
909 2258 1064 2301 num
1104 2237 1209 2302 hic
1249 2238 1484 2303 iniuria
1523 2240 1868 2322 spreverit,
1908 2244 1982 2304 ut
2022 2237 2271 2304 Nabero
2295 2239 2551 2306 videtur
2572 2288 2589 2320 ,
2614 2241 3035 2305 coniecturam

655 2340 817 2418 δαημ
829 2343 1104 2415 cubem-oc,-
1158 2363 1271 2429 pro
1325 2343 1835 2421 εὐδαιμονέςατος
1857 2394 1876 2416 .
1927 2363 2119 2429 quam
2170 2350 2234 2409 et
2279 2344 2415 2430 ipse
2460 2346 2527 2409 in
2574 2344 2853 2411 editione
2898 2364 3039 2410 mea

654 2450 857 2515 sciens
894 2470 1019 2515 non
1059 2452 1575 2517 commemoravi.
1624 2449 1873 2535 Nempe
1912 2450 1988 2515 de
2028 2450 2345 2515 industria
2390 2452 2658 2536 scriptor
2703 2452 3037 2535 pristinam

654 2556 873 2639 Apriei
935 2554 1309 2623 felicitatem
1333 2605 1348 2632 ,
1414 2558 1524 2641 qui
1588 2577 1698 2642 per
1746 2554 1945 2622 XXV
1991 2574 2184 2622 annos
2232 2558 2527 2646 regnavit
2546 2605 2562 2634 ,
2632 2559 2894 2643 opponit
2942 2576 3037 2622 se—

653 2665 874 2745 quenti
918 2665 1046 2730 viri
1090 2663 1452 2729 infortunio.

1095 2764 1220 2834 Ἦν
1269 2768 1562 2841 Οἰδίπους
1611 2771 1681 2835 τὸ
1730 2771 1960 2849 πρῶτον
2008 2769 2313 2847 εὐδαίμων
2360 2772 2539 2854 ἀνήρ,

1109 2871 1223 2940 εἶτ’
1275 2875 1508 2954 ἐγένετ’
1561 2870 1730 2947 αὖθις
1780 2877 2155 2950 ἀθλιώτατος
2205 2877 2457 2954 βροτῶν.

653 2977 1022 3048 Sermonem
1085 2981 1190 3047 hic
1249 3002 1375 3047 non
1436 3003 1570 3048 esse
1615 2983 1692 3047 de
1740 2983 2101 3058 εὐδαιμονία
2124 3029 2140 3060 ,
2189 2983 2445 3068 qualem
2495 2982 2688 3048 Solon
2732 2985 2801 3047 in
2850 2983 3035 3048 collo-

653 3089 804 3172 quio
863 3108 1011 3152 cum
1069 3085 1297 3154 Croeso
1345 3089 1640 3167 volebat,
1688 3109 1812 3155 non
1861 3097 1958 3155 est
2002 3089 2169 3174 quod
2216 3110 2528 3156 moneam.
2600 3087 2776 3155 Scire
2822 3098 3035 3155 autem

651 3191 850 3260 velim
899 3194 1066 3260 unde
1115 3200 1413 3280 appareat
1459 3195 1727 3281 Apriem
1780 3197 1973 3261 fuisse
2020 3195 2302 3274 δαήμονα
2340 3201 2403 3260 et
2444 3196 2703 3281 quidem
2744 3202 2860 3259 τῶν
2900 3194 3037 3275 πρό-

650 3323 815 3380 τερον
863 3300 1176 3376 βασιλέων
1225 3301 1698 3378 δαημονέςατον.

741 3405 886 3471 Non
945 3405 1340 3472 intellexisse
1402 3409 1566 3472 mihi
1628 3407 1887 3473 videtur
1948 3408 2192 3473 amicus
2250 3406 2534 3472 scurrilis
2586 3428 2734 3472 sane
2783 3414 2848 3474 et
2896 3406 3037 3492 plus

651 3512 1036 3598 Aegyptiaci
1101 3531 1290 3596 quam
1352 3509 1556 3577 Attici
1616 3511 1767 3577 salis
1830 3512 2123 3577 habentis
2182 3514 2307 3578 ioci
2370 3515 2676 3579 rationem
2699 3560 2715 3589 ,
2785 3513 3035 3598 qualem

649 3616 1035 3684 lascivorum
1074 3637 1414 3702 puerorum
1451 3637 1626 3684 more
1664 3620 1961 3703 permisit
1997 3619 2122 3682 sibi
2161 3617 2421 3683 Amasis
2444 3667 2463 3692 ‚
2502 3619 2613 3702 qui
2636 3618 3003 3684 Petarbemi
3018 3667 3037 3700 ‚

569 3727 618 3758 '·
651 3743 840 3808 quem
887 3725 1115 3807 Apries
1159 3725 1430 3789 iusserat
1475 3723 1707 3805 ζώοντα
1759 3724 1991 3801 αγαγ
2018 3731 2133 3788 εῖν
2182 3725 2327 3802 παρ’
2381 3723 2631 3801 ἑωυτόν,
2684 3744 2899 3789 secum
2946 3726 3037 3788 ire

647 3830 896 3896 iubenti
961 3828 1410 3906 ἀπεματάῒσε,
1477 3830 1582 3894 καὶ
1645 3833 1825 3893 τοῦτο
1890 3853 1998 3905 μιν
2056 3828 2297 3894 ἐκέλευε
2360 3831 2582 3910 Ἀπρίῃ
2642 3831 2687 3894 οἱ
2708 3829 2881 3907 παρ’
2902 3853 3031 3893 ειν.

647 3933 898 4020 Nempe
941 3934 1310 4000 Patarbemi
1359 3935 1594 4002 dicenti
1631 3933 1917 3999 ἐκέλευσέ
1958 3958 2039 4010 με
2081 3934 2386 4013 βασιλεὺς
2427 3937 2575 4014 παρ’
2620 3934 2837 4000 ἑαυτόν
2872 3935 3038 4012 ὦγα-

649 4049 788 4117 γεῒν
849 4065 917 4106 σε
979 4042 1233 4108 Amasis
1292 4041 1662 4120 αποπαρδών
1724 4041 2077 4126 respondit:
2146 4042 2281 4105 ἀντ’
2352 4041 2499 4117 ἐμοῦ
2563 4039 2789 4119 ἄγαγε
2837 4045 3029 4106 τοῦτο.

648 4147 816 4213 Nam
861 4147 1303 4234 corrigendum
1357 4148 1609 4214 videtur
1647 4155 1759 4212 aut
1798 4150 2157 4227 ὦγαγεῖν
2196 4167 2308 4233 pro
2346 4146 2657 4225 ἁπάγειν,
2708 4153 2821 4212 aut
2861 4151 3037 4212 utro-

651 4253 841 4338 bique
886 4251 931 4317 ἄ
948 4276 993 4330 γ
1010 4277 1039 4318 ε
1060 4275 1078 4315 ι
1097 4278 1126 4317 ν
1145 4299 1162 4331 ,
1210 4259 1284 4318 ut
1330 4256 1535 4339 priore
1575 4253 1714 4320 loco
1752 4254 2011 4320 exhibet
2052 4255 2363 4318 recentior
2400 4252 2512 4318 sed
2550 4253 2767 4320 eadem
2812 4252 3037 4318 melior

649 4359 939 4426 codicum
987 4358 1255 4424 familia.
1319 4356 1554 4425 Contra
1601 4360 1903 4445 rescripto
1946 4379 2092 4424 cum
2137 4358 2390 4424 Nabero
2438 4360 2547 4422 απ
2566 4383 2606 4422 α
2624 4383 2671 4436 y
2692 4358 2842 4437 γέλ
2862 4373 2899 4422 λ
2918 4381 2983 4422 ει
3005 4381 3033 4420 ν

650 4467 816 4551 perit
862 4466 1070 4531 omnis
1117 4464 1368 4531 dicterii
1418 4464 1692 4531 aculeus.
