3436 5161
719 357 852 426 402
1743 374 2067 428 nemus,

715 542 796 610 de
839 543 1135 609 omnibus
1178 544 1384 630 procis
1400 590 1418 621 ,
1464 545 1560 608 ita
1604 549 1680 608 ut
1726 548 2023 632 appareat
2067 542 2261 608 illum
2279 591 2295 621 ‚
2346 563 2385 608 a
2424 561 2551 627 quo
2591 547 2847 628 septem
2870 540 2947 606 hi
2972 561 3121 606 ver-

714 669 823 716 sus
883 655 996 715 aut
1055 647 1209 715 facti
1270 655 1384 714 aut
1435 652 1674 715 mutati
1720 656 1903 729 sunt,
1955 670 2067 736 pro
2114 652 2497 744 accusativis
2531 651 2786 715 numeri
2830 646 3119 733 pluralis

711 753 860 822 illas
921 758 1154 820 formas
1214 754 1532 822 habuisse.
1602 754 1731 822 Sed
1788 757 1945 823 satis
2001 761 2179 842 patet
2238 755 2461 841 opinor
2506 777 2583 820 ex
2628 755 2900 820 caeteris
2945 752 3119 819 locis

714 882 872 948 quos
917 861 1256 928 attulimus
1277 909 1294 940 ,
1342 861 1498 927 olim
1547 872 1765 947 poetas
1812 861 2033 929 eodem
2080 881 2266 928 sensu
2280 909 2297 938 ,
2348 882 2471 947 quo
2517 863 2755 948 posteri
2794 860 2969 925 αὐτώ
3014 860 3113 925 di·

713 969 973 1053 cebant,
1034 973 1160 1050 σφε
1225 968 1457 1034 dixisse
1473 1019 1492 1052 ,
1538 975 1603 1035 et
1651 967 1833 1050 ἄμμε
1882 969 2053 1046 ὔμμε
2102 967 2440 1054 aliquando
2484 968 2658 1034 idem
2705 967 3113 1055 significasse

712 1073 880 1161 quod
941 1079 1037 1141 νῶι
1085 1080 1247 1158 σφῶι
1267 1122 1282 1150 ,
1343 1095 1548 1161 neque
1609 1076 1835 1142 dubito
1892 1078 2100 1163 igitur
2164 1076 2321 1161 quin
2368 1076 2733 1141 recentioris
2782 1075 2926 1140 aevi
2974 1075 3111 1139 sint

709 1202 932 1251 versus
976 1181 1294 1270 Odysseae
1336 1181 1499 1248 hanc
1540 1181 1756 1270 legem
1801 1185 2175 1271 migrantes.

799 1287 1007 1376 Atqui
1024 1335 1041 1368 ,
1089 1308 1238 1354 cum
1285 1293 1539 1355 mature
1581 1291 1650 1352 in
1697 1289 1779 1354 iis
1824 1289 2047 1355 formis
2092 1291 2289 1354 errari
2334 1293 2631 1373 coeptum
2668 1287 2757 1351 sit
2774 1336 2793 1370 ,
2818 1287 3106 1371 suspicio

711 1397 938 1473 oritur,
991 1395 1099 1460 hic
1142 1393 1282 1460 illic
1325 1393 1694 1460 obliteratae
1740 1415 1891 1461 esse.
1957 1393 2305 1462 Videamus
2344 1403 2397 1458 Κ
2437 1393 2590 1460 281.

799 1501 924 1568 Pro
964 1523 1032 1568 se
1069 1502 1361 1586 socioque
1400 1499 1708 1597 Diomede
1726 1551 1741 1579 ‚
1776 1538 1858 1552 -
1882 1523 2034 1568 nam
2065 1523 2179 1588 pro
2217 1522 2285 1567 se
2308 1501 2442 1568 solo
2464 1521 2612 1568 eum
2638 1500 2833 1566 verba
2854 1499 3065 1566 facere
3080 1550 3103 1584 ,

708 1630 834 1676 non
875 1610 1189 1696 persuasit
1231 1607 1520 1674 Naberus
1567 1610 1636 1674 in
1677 1607 1931 1690 Quaest.
1982 1609 2207 1684 Hom..
2237 1646 2323 1658 -—
2346 1628 2461 1695 pro
2482 1629 2551 1674 se
2573 1609 2867 1693 socioque
2889 1609 3105 1695 igitur

707 1715 954 1805 Ulyxes
998 1717 1090 1782 sic
1134 1720 1461 1801 precatur:

1137 1821 1233 1894 δὸς
1281 1819 1344 1886 δὲ
1392 1821 1587 1888 πάλιν
1633 1821 1735 1886 ἐπὶ
1784 1830 1931 1898 νῆας
1982 1821 2277 1895 ἐϋκλεέαις
2320 1823 2681 1906 ἀφικέσθαι.

709 1925 984 1996 Omnino
1027 1929 1374 2018 legendum
1420 1949 1557 1995 esse
1603 1929 1910 1997 arbitror:

667 2039 672 2045 ”
1137 2033 1236 2106 δὸς
1284 2033 1348 2100 δὲ
1392 2033 1585 2100 πάλιν
1631 2034 1733 2099 ἐπ’)
1784 2041 1932 2109 νῆας
1981 2035 2216 2102 iiius?
2262 2033 2435 2115 ἄμμ’
2480 2035 2841 2118 ἀφικέσθαι.

705 2141 806 2209 Ex
848 2143 1070 2210 literae
1112 2144 1300 2232 eima
1343 2141 1550 2208 forma
1595 2140 1901 2208 reclinata
1917 2193 1934 2227 ,
1986 2142 2193 2229 qualis
2236 2145 2307 2208 in
2353 2145 2820 2229 antiquissimis
2866 2161 3091 2208 monu-

707 2245 944 2315 mentis
1004 2251 1314 2326 csrnitur,
1377 2247 1731 2314 consimilis
1793 2249 2018 2315 literae
2069 2257 2136 2315 M
2158 2298 2175 2327 ,
2240 2252 2420 2337 origo
2468 2250 2662 2316 huius
2710 2251 2859 2316 vitii
2903 2247 3095 2314 facile

707 2355 1010 2442 explicari
1052 2361 1280 2442 potest.
1329 2354 1570 2421 Eadem
1617 2355 1901 2421 confusio
1948 2359 2167 2423 nocuit
2214 2357 2503 2423 versibus
2542 2357 2572 2421 θ
2602 2355 2735 2421 340
2772 2361 2839 2420 et
2882 2353 3091 2431 1520,

706 2468 782 2530 ut
828 2463 984 2536 alibi
1030 2463 1316 2528 vidimus
1366 2461 1546 2548 (Cap.
1595 2461 1660 2539 1,
1709 2463 1747 2546 ς
1798 2461 1887 2548 1).

796 2569 962 2637 Aliis
1025 2575 1242 2636 autem
1305 2568 1460 2635 locis
1477 2618 1498 2653 ,
1557 2567 1674 2635 ubi
1727 2568 2013 2635 excidere
2059 2590 2184 2637 non
2229 2575 2477 2656 poterat
2521 2589 2869 2656 pronomen
2915 2565 3093 2634 salvo

706 2687 912 2744 metro
932 2725 949 2755 ,
1013 2677 1254 2743 formas
1313 2682 1411 2741 νῶι
1475 2674 1582 2744 vel
1641 2674 1716 2757 νῴ
1732 2725 1749 2759 ,
1817 2682 1979 2754 σφῶι
2028 2676 2133 2742 vel
2181 2674 2321 2758 σφῷ
2339 2724 2357 2754 ,
2422 2696 2583 2762 quae
2636 2675 3095 2742 recentioribus

707 2784 939 2850 melius
985 2784 1172 2849 n'otae
1219 2786 1460 2865 essent,
1521 2784 1590 2847 in
1643 2787 1897 2847 textum
1942 2785 2269 2869 irrepsisse
2287 2831 2304 2861 ,
2354 2804 2503 2849 cum
2549 2782 2707 2850 olim
2756 2781 2939 2858 ἄμμε
2986 2779 3089 2847 vel

707 2892 882 2970 ὔμμε
942 2892 1318 2956 recitaretur
1334 2934 1353 2967 ,
1417 2895 1482 2954 et
1545 2910 1657 2974 per
1701 2908 1768 2954 se
1810 2890 1966 2955 satis
2014 2896 2111 2955 est
2155 2888 2507 2957 verisimile
2522 2938 2542 2974 ,
2590 2896 2655 2955 et
2702 2888 2865 2955 effici
2910 2907 3089 2973 posse

705 3002 863 3085 puto
907 3018 986 3063 ex
1033 3016 1252 3063 versus
1297 3004 1354 3060 Θ
1381 2992 1512 3059 428
1561 2996 1749 3060 initio
1795 3015 2025 3081 parum
2072 2996 2434 3063 modulato:
2484 3002 2582 3061 νῶι
2634 2995 2707 3061 ἐῶ
2748 3002 2869 3061 etc.
2917 2992 3089 3059 Ante

706 3104 1150 3172 Aristarchum
1218 3103 1392 3167 enim
1450 3101 1516 3167 h.
1562 3098 1609 3165 1.
1671 3106 1803 3165 νῶιν
1864 3100 2199 3189 legebatur
2214 3151 2233 3180 ,
2304 3110 2379 3167 nt
2442 3106 2757 3168 testantur
2814 3098 3088 3174 scholia;

705 3210 874 3297 quod
921 3231 1001 3275 ex
1048 3208 1270 3275 eodem
1316 3207 1489 3273 fonte
1535 3211 1630 3273 est
1676 3209 1783 3272 cui
1830 3212 1883 3286 ψ
1929 3206 2014 3273 52
2062 3215 2258 3289 σφῶιν
2305 3229 2418 3295 pro
2465 3213 2625 3289 σφῶι
2677 3208 2979 3290 debetur,
3026 3210 3093 3271 et

703 3320 773 3382 in
835 3337 1022 3383 versu
1082 3316 1298 3400 spurio
1357 3322 1412 3378 11
1456 3310 1542 3377 99
1608 3312 1959 3379 mirificum
1994 3314 2171 3380 illud
2219 3321 2351 3380 νῶιν
2400 3314 2457 3379 δ’
2508 3313 2773 3392 ἐκδῦμεν
2818 3312 3085 3395 &acopon

706 3422 950 3489 scilicet
1001 3420 1160 3487 olim
1205 3421 1654 3508 grammatici,
1705 3424 1874 3486 inter
1920 3442 2076 3506 quos
2122 3420 2511 3489 Zenodotum
2562 3421 2758 3487 fuisse
2803 3422 3052 3485 mireris
3067 3468 3085 3492 ‚

706 3530 868 3597 serio
913 3528 1224 3615 putabant
1269 3529 1400 3593 νῶιν
1449 3532 1642 3607 σφῶιν
1692 3529 1891 3592 etiam
1940 3530 2009 3591 in
2053 3528 2451 3593 nominativo
2488 3534 2553 3593 et
2575 3528 2939 3593 accusativo
2962 3526 3087 3591 dici

704 3656 900 3723 posse.
951 3632 1361 3700 Aristarchus
1407 3638 1624 3699 autem
1663 3633 1833 3718 quod
1866 3636 2109 3719 respuit
2148 3646 2283 3698 tam
2322 3639 2761 3719 portentosum
2786 3652 3083 3709 errorem,

703 3764 908 3828 neque
968 3751 1022 3807 Θ
1065 3738 1198 3805 428
1255 3738 1556 3807 toleravit
1599 3742 1965 3828 genitivum
2013 3740 2360 3807 accusativi
2406 3739 2581 3827 loco,
2629 3742 2873 3825 optime
2918 3741 3079 3827 egit3

703 3850 1054 3919 videndum
1119 3853 1338 3913 tamen
1356 3893 1375 3925 ,
1437 3847 1711 3912 fueritne
1772 3866 1923 3912 vera
1974 3846 2163 3913 lectio
2208 3844 2377 3925 ἄμμ’
2428 3847 2546 3913 ἐσίω
2568 3894 2586 3925 ,
2631 3867 2782 3913 nam
2828 3848 2898 3910 in
2942 3844 3082 3913 vul-

705 3962 857 4044 gata
904 3953 1254 4022 admodum
1303 3951 1598 4039 displicet
1644 3959 1916 4038 quatuor
1953 3953 2277 4021 vocalium
2316 3977 2459 4020 ωιεω
2501 3974 2879 4039 concursus3
2918 3973 3083 4040 prae-

707 4067 880 4127 terea
923 4062 1130 4127 forma
1173 4065 1495 4127 contracta
1542 4060 1615 4125 ἐῶ
1662 4061 1973 4125 recentior
2012 4066 2107 4125 est
2146 4065 2210 4124 et
2232 4080 2460 4145 parum
2483 4058 2862 4139 Homerica,
2888 4060 3085 4126 forma

705 4168 1044 4256 trisyllaba
1103 4166 1223 4233 ἐάω
1288 4167 1605 4252 antiquior
1667 4171 1733 4233 et
1792 4171 2105 4251 quatenus
2166 4164 2301 4231 fieri
2363 4168 2563 4251 possit
2609 4174 2833 4251 poetae
2880 4164 3081 4231 vindi-

707 4276 922 4344 canda.

796 4381 925 4449 Sed
967 4380 1132 4447 hanc
1176 4381 1612 4467 quaestionem
1648 4380 1718 4444 in
1760 4379 2114 4465 praesentia
2136 4380 2506 4466 mittamus3
2531 4378 2893 4463 complures
2918 4379 3078 4445 enim

705 4488 909 4567 locos,
961 4488 1074 4554 ubi
1119 4489 1552 4553 accusativum
1599 4484 1782 4563 ἄμμε
1829 4483 1935 4551 vel
1976 4483 2147 4562 ὔμμε
2184 4484 2291 4552 vel
2312 4492 2439 4567 σφε
2462 4484 2931 4552 restituendum
2956 4504 3083 4551 esse
