3436 5161
720 358 851 429 3⁷2
1574 382 1850 431 snmus
1893 382 2228 433 sosarnus.

714 565 901 716 {enen
947 548 1043 611 ita
1087 545 1305 612 editur
1343 552 1409 614 et
1454 548 1903 637 corrigendum
1951 546 2412 631 φοβοῦνται,
2457 550 2536 615 cf.
2577 550 2796 635 Antiq.
2841 550 2944 614 13.
2988 546 3081 614 16.

802 657 869 718 et
918 652 1025 718 14.
1078 651 1182 719 15.
1235 651 1341 719 12.

804 868 1487 948 Ἀντιςρατιῶται
1554 868 1856 935 dicuntur
1913 868 2138 957 Antiq.
2202 868 2304 936 13.
2375 868 2480 937 14.
2529 867 2610 947 2,
2673 871 2783 955 qui
2833 868 3088 933 fuerunt

710 975 1357 1053 άντιςασιῶται,
1422 975 1502 1040 cf.
1552 977 1766 1062 Antiq.
1824 977 1928 1041 14.
1982 977 2042 1041 1.
2089 974 2168 1055 2;
2221 974 2326 1041 14.
2378 974 2485 1040 12.
2533 974 2575 1039 2
2620 980 2685 1041 et
2734 974 2841 1039 14.
2893 970 3000 1039 13.
3047 971 3087 1039 3

713 1086 777 1145 et
823 1082 989 1166 quod
1037 1080 1117 1146 ad
1162 1084 1367 1167 ipsam
1418 1102 1553 1148 rem
1602 1084 1834 1148 attinet
1851 1132 1870 1166 ‚
1926 1083 2004 1147 ef.
2057 1081 2354 1150 Grfitzius
2399 1085 2470 1149 in
2515 1080 2802 1148 Historia
2847 1079 3090 1146 Israeli·

576 1193 585 1209 ⁶
710 1190 924 1253 tarum
970 1186 1062 1253 111
1100 1209 1159 1273 p.
1204 1187 1358 1253 425.
1407 1186 1748 1274 Perperam
1789 1209 2037 1275 quoque
2073 1189 2520 1261 άντιςασιαςαί
2552 1189 2852 1255 dicuntur
2871 1188 3088 1272 Antiq.

672 1292 819 1359 »14.
876 1291 976 1359 13.
1031 1297 1061 1360 1
1116 1300 1183 1361 et
1228 1294 1389 1362 Bell.
1437 1294 1586 1361 Jud.
1643 1298 1698 1362 1.
1752 1294 1814 1361 4.
1863 1294 1943 1381 63
1998 1297 2056 1361 1.
2107 1296 2168 1363 7.
2219 1296 2283 1361 5.

798 1510 1014 1594 Antiq.
1070 1504 1172 1575 13.
1230 1507 1330 1574 16.
1380 1506 1457 1587 6,
1510 1507 1812 1575 laudatur
1859 1510 2082 1597 regina
2127 1506 2384 1575 Salome
2430 1507 2788 1575 Alexandra
2825 1520 2890 1575 et
2914 1528 3085 1575 eom·

708 1614 969 1699 ponitur
1025 1614 1095 1680 τὸ
1158 1616 1447 1681 ἀσύνετον
1511 1622 1627 1681 τῶν
1684 1616 1810 1681 aa>
1876 1638 1979 1681 πτ
1999 1614 2127 1679 aid
2144 1639 2291 1680 ντω
2311 1640 2340 1680 ν
2403 1614 2536 1707 περὶ
2599 1615 2718 1688 τὰς
2766 1614 3086 1686 δυναςείας

710 1722 965 1803 άνδρῶν,
1015 1722 1125 1788 sed
1172 1722 1530 1811 elegantius
1576 1726 1699 1789 erit
1743 1728 1860 1788 τῶν
1907 1721 2478 1788 εἰσπαιόντων.

802 1936 1119 2004 Malichus
1134 1987 1151 2014 ‚
1197 1942 1273 2003 ut
1318 1944 1415 2003 est
1460 1938 1677 2023 Antiq.
1732 1936 1836 2001 14.
1891 1940 1995 2002 11.
2048 1934 2091 2001 6
2111 1984 2127 2014 ,
2175 1933 2334 2013 ἔγνω
2377 1972 2460 1985 —-
2500 1936 2584 2007 εἷς
2630 1936 2740 2011 τὴν
2788 1934 3088 2001 Ἰουδαίαν

711 2044 995 2123 άπαίρειν
1042 2044 1403 2117 σπεύδοντός
1453 2068 1525 2109 τε
1574 2044 1674 2107 ἐπ’
1723 2045 2037 2108 ’Λντώνιον
2087 2041 2359 2109 Κασσίου
2397 2043 2466 2107 τὸ
2491 2040 2647 2113 ἔθνος
2685 2041 2831 2107 άπο
2846 2044 2937 2118 ςιὶ
2953 2066 3087 2114 σας

710 2154 898 2224 αὐτὸς
944 2154 1054 2227 τὴν
1098 2153 1299 2232 άρχῆν
1347 2177 1381 2216 κ
1403 2147 1751 2228 αθέξειν.
1799 2148 2173 2237 Intelligam
2197 2152 2614 2223 άποςῆσαι
2645 2186 2710 2197 —-
2741 2148 3090 2228 καθέξων.

800 2364 874 2431 In
934 2362 1206 2451 epistula
1271 2361 1363 2429 M.
1422 2365 1679 2429 Antonii
1743 2362 1822 2429 ad
1878 2361 2264 2450 Hyrcanum.
2303 2361 2666 2450 pontificem
2712 2364 2930 2448 Antiq.
2971 2361 3088 2427 -14.

714 2470 823 2537 12.
873 2469 945 2547 3,
1015 2472 1180 2556 quod
1226 2470 1505 2558 legitur:
1577 2470 1692 2535 τῶν
1741 2470 2204 2535 ἐναντιωθέντων
2252 2472 2397 2546 ἡμῖν
2443 2508 2524 2521 -
2573 2474 2734 2547 μήτε
2782 2470 3088 2535 πόλεων

708 2582 872 2658 μήτε
920 2580 1171 2657 ἡρώων
1218 2576 1705 2660 άποσχομένων,
1757 2585 1854 2644 est
1901 2575 2144 2663 aliquid
2185 2576 2350 2664 quod
2391 2576 2718 2645 Bekkerue
2757 2599 2838 2645 ex
2861 2574 3089 2654 Codice

707 2685 913 2774 Lug-d.
982 2685 1123 2750 Bat.
1184 2687 1424 2770 recepit
1486 2686 1683 2769 ἱερῶν,
1748 2685 1855 2750 sed
1917 2705 2040 2749 non
2105 2691 2199 2750 est
2252 2687 2442 2770 satis3
2491 2688 2836 2771 requiritur
2881 2688 3087 2750 enim:

706 2793 871 2871 μήτε
918 2793 1146 2856 ὁσίων
1196 2792 1358 2868 μήτε
1408 2791 1647 2871 ἱερῶν.
1725 2789 1968 2856 Deinde
2013 2792 2223 2876 Antiq.
2283 2791 2388 2854 14.
2443 2789 2544 2856 13.
2600 2789 2671 2856 5:
2721 2792 2983 2865 πλησίον
3030 2789 3090 2854 δὲ

706 2899 919 2977 μετὰ
978 2897 1284 2963 ἱππέων
1351 2897 1493 2976 ὑπὲρ
1563 2898 1882 2970 θαλάττης
1949 2897 2000 2961 οἱ
2066 2896 2198 2975 περὶ
2267 2894 2598 2970 Φασάηλον
2661 2896 3086 2974 κατάγονται,

706 3005 867 3072 latet
910 3003 1087 3070 urbis
1137 3004 1573 3101 nomen‘quod
1627 3004 2008 3070 monstrabit
2045 3001 2208 3069 Bell.
2247 3001 2287 3068 J
2291 3003 2396 3068 ud.
2446 3009 2502 3070 l.
2547 3001 2652 3068 13.
2682 3003 2758 3080 4,
2783 3002 2895 3068 ubi
2917 3003 3087 3069 idem

704 3117 997 3179 narratur
1056 3112 1157 3176 his
1216 3112 1458 3177 verbis:
1525 3112 1934 3190 καταχθεῖσιν
1979 3108 2066 3182 εἷς
2115 3133 2174 3175 τι
2219 3116 2335 3174 τῶν
2381 3110 2907 3190 παραθαλασσίων
2953 3135 3082 3194 χω-

704 3219 872 3300 ρίων,
922 3215 951 3282 ὃ
999 3225 1295 3284 καλεῖται
1344 3216 1822 3283 Ἐκδίππων.

678 3428 683 3432 ’
797 3431 937 3497 Rex
984 3431 1404 3509 Parthorum,
1452 3430 1674 3519 Antiq.
1733 3435 1834 3498 14.
1888 3431 1992 3500 13.
2051 3431 2168 3516 10,
2211 3431 2594 3513 Φοβούμενος
2634 3433 2738 3498 τὸν
2772 3431 3086 3513 Ὑρκανόν,

708 3539 799 3615 μῆ
846 3537 916 3602 τὸ
966 3539 1191 3612 πλῆθος
1246 3539 1411 3617 αὐτῷ
1460 3541 1571 3610 τὴν
1618 3540 1956 3608 Βασιλείαν
1999 3540 2453 3619 ἀποκαταστήσῃ
2489 3539 2821 3619 παραςά
2841 3565 2897 3614 ν,
2939 3541 3086 3606 άπο-

704 3643 911 3721 τέμνει
961 3646 1151 3710 αὐτοῦ
1202 3645 1290 3708 τὰ
1338 3641 1503 3723 ὦτα,
1554 3645 1662 3710 sed
1709 3643 1875 3711 illud
1921 3644 2214 3726 παραςάν
2263 3649 2426 3710 mire
2469 3645 2736 3734 languet
2781 3650 2846 3713 et
2885 3647 3086 3713 multo

702 3753 914 3840 magis
961 3752 1042 3817 ad
1088 3772 1225 3818 rem
1273 3758 1369 3818 eet
1414 3750 1817 3832 άρπάσαν.

793 3964 1006 4030 Etiam
1058 3963 1282 4051 Antiq.
1336 3964 1435 4030 14.
1496 3966 1598 4030 14.
1654 3967 1687 4031 1
1757 3970 1954 4033 miror
2014 3967 2181 4052 qnod
2242 3965 2570 4033 Bekkerus
2643 3987 2765 4032 non
2813 3964 3082 4031 attendit

704 4069 787 4138 ad
836 4073 1283 4136 correctionem
1332 4077 1465 4136 tam
1514 4071 1768 4140 facilem
1817 4055 2006 4159 quam
2056 4074 2495 4140 necessariam.
2547 4072 2831 4140 Herodes
2877 4071 3086 4138 omnia

705 4175 971 4243 molitur
1030 4183 1105 4242 ut
1165 4177 1423 4243 fratrem
1474 4185 1701 4244 servet.
1778 4182 1873 4246 Οὐ
1920 4182 2048 4261 γὰρ
2098 4179 2262 4251 εἰδὼς
2311 4181 2395 4246 τά
2447 4181 2616 4244 κατὰ
2665 4180 2767 4244 τὸν
2815 4177 3082 4258 asamar

706 4281 960 4348 ἔσπευδε
1022 4285 1447 4364 λυτρώσασθαι
1508 4284 1679 4361 παρὰ
1729 4290 1846 4351 τῶν
1892 4286 2204 4362 πολεμίων
2250 4287 2477 4361 αὐτόν,
2529 4287 2743 4366 λύτρον
2790 4286 2936 4367 ὑπὲρ
2981 4287 3084 4350 αὖ·

703 4393 809 4455 τοῦ
868 4387 1377 4467 καταβαλὼν
1439 4391 1716 4469 νόμισμα
1783 4389 1891 4466 ἕως
1954 4395 2306 4476 τριακοσίων
2356 4393 2702 4460 ταλάντων.
2775 4391 2951 4478 Opus
2995 4394 3083 4457 est

702 4497 956 4564 futuro:
1007 4495 1538 4574 καταβαλῶν.
