3436 5161
1225 405 1500 454 snsvms
1545 405 1881 455 sosarnus.
2613 385 2743 454 381

365 567 788 646 πεπραγμένα
850 569 995 645 μετ’
1058 570 1277 649 άρετῆς
1343 569 1596 651 άνδράσι
1661 569 2167 650 πρεπωδεςάτης.
2238 571 2564 638 Emendat
2618 596 2751 640 πε-

364 673 804 753 Φρόντιςαι
870 690 934 742 et
995 677 1604 756 φροντισθέντα.
1681 677 1855 742 Hinc
1918 681 2218 744 continuo
2274 681 2593 763 sequitur:
2643 683 2750 742 τοῦ

364 804 436 844 τε
503 781 629 859 γάρ
695 781 849 846 θείου
909 791 988 861 τῇ
1053 783 1296 860 άξιώσει
1353 782 1781 859 πεπιςευμένα
1833 782 2217 862 βεβοήθηται
2268 785 2376 864 ὑφ’
2430 786 2595 863 ἡμῶν
2644 786 2747 852 καὶ

363 889 470 950 τοῦ
517 885 700 963 νόμον
747 897 824 966 τῇ
870 887 1156 969 άκροάσει
1207 889 1724 971 πεφροντισμένα.

453 1054 670 1138 Antiq.
725 1052 826 1121 17.
877 1053 940 1120 6.
991 1053 1066 1120 3:
1128 1055 1550 1130 ἐκκλησιάσας
1601 1058 1686 1128 εἷς
1733 1057 1800 1121 τὸ
1852 1058 2049 1122 α’ὔτὸ
2098 1058 2378 1139 θέατρον,
2425 1059 2604 1146 lege:
2666 1061 2749 1131 εἷς

361 1159 431 1222 τὸ
479 1161 1086 1245 άμφιθέατρον,
1151 1184 1298 1227 nam
1363 1163 1482 1228 hoc
1533 1184 1765 1229 nomen
1812 1171 2081 1249 usurpat
2127 1167 2323 1230 etiam
2374 1167 2591 1250 Antiq.
2644 1164 2750 1233 1¹7.

365 1265 428 1330 8.
478 1262 541 1329 2.
616 1265 860 1332 Deinde
920 1267 1206 1333 medicus
1267 1272 1352 1333 sit
1410 1275 1656 1354 oportet
1704 1271 1815 1354 qui
1863 1268 2047 1354 plane
2096 1269 2423 1358 intelligat
2471 1270 2750 1356 descrip-

359 1371 600 1436 tionem
661 1375 1032 1459 gravissimi
1095 1376 1302 1439 morbi
1348 1394 1472 1459 quo
1521 1374 1805 1440 Herodes
1854 1376 2078 1458 periit,
2128 1379 2346 1462 Antiq.
2403 1375 2506 1441 17.
2558 1375 2620 1443 6.
2672 1377 2747 1454 5,

359 1479 469 1543 sed
514 1479 635 1543 hoo
681 1485 896 1544 tamen
943 1480 1127 1546 video
1165 1500 1277 1564 pro
1320 1477 1613 1557 ἐπιθυμία
1658 1483 1718 1545 δὲ
1761 1481 1917 1555 δεινὴ
1961 1486 2065 1545 τοῦ
2110 1480 2507 1556 δέξασθαί
2545 1507 2602 1547 τι
2630 1481 2746 1546 «ἐπ’

358 1587 588 1667 αὐτοῦ,
636 1586 1066 1669 reponendum
1116 1607 1250 1654 esse
1294 1585 1489 1662 ὀδάξ
1503 1590 1771 1652 ασθαι.
1826 1586 1987 1652 Vide
2035 1587 2225 1653 modo
2272 1587 2349 1652 de
2391 1589 2611 1653 eadem
2653 1609 2747 1654 re:

363 1693 713 1768 κνησμὸς
763 1690 820 1756 δ’
870 1692 1177 1773 ἀφόρητος
1225 1701 1334 1764 τῆς
1385 1695 1757 1773 ἐπιφανείας
1808 1691 1989 1771 ὅλης,
2040 1691 2201 1758 Bell.
2242 1694 2393 1759 Jud.
2443 1698 2499 1759 1.
2546 1693 2652 1758 33.
2684 1695 2745 1758 5.

449 1872 783 1938 Minutum
845 1878 942 1939 est
1003 1875 1222 1959 Antiq.
1277 1875 1378 1943 17.
1435 1875 1534 1940 10.
1593 1874 1710 1940 10:
1776 1875 2039 1948 πολλοὺς
2107 1879 2426 1957 ἀφῆκεν
2475 1877 2749 1943 scribere

357 1999 470 2063 pro
517 1979 736 2052 διῆκεν.
809 1978 933 2045 Sed
979 1981 1136 2065 quid
1183 1985 1276 2046 est
1323 1982 1491 2075 quod
1537 1982 1775 2047 dicitur
1820 1985 1888 2046 in
1934 1983 2259 2048 invectiva
2304 1986 2371 2048 in
2420 1983 2742 2049 Herodem

359 2086 574 2170 Antiq.
629 2084 732 2152 17.
790 2090 891 2152 11.
940 2085 1017 2165 2,
1068 2088 1144 2152 de
1193 2091 1390 2177 reg-iis
1440 2091 1789 2172 ministris,
1838 2081 1891 2152 οἳ
1939 2090 2038 2152 ἐπ’
2064 2088 2353 2168 ἐκπράξει
2391 2097 2511 2154 τῶν
2547 2089 2745 2172 φόρων

355 2188 710 2267 άξιοῒενῗ
758 2191 924 2257 Sunt
969 2195 1037 2258 in
1085 2215 1157 2259 ea
1200 2200 1378 2278 parte
1427 2193 1553 2260 alia
1599 2216 1792 2280 quam
1840 2195 2122 2279 plurima
2167 2195 2328 2259 mihi
2370 2198 2595 2280 utique
2636 2216 2745 2280 pa·

353 2318 498 2362 rum
546 2297 874 2364 intellecta
919 2303 1293 2385 saepiusque
1339 2321 1530 2386 quam
1580 2299 1814 2366 vellem
1864 2303 1929 2365 in
1990 2301 2093 2365 his
2139 2301 2321 2366 libris
2366 2321 2557 2389 cogor
2603 2322 2741 2367 ma·

355 2424 513 2468 num
575 2407 925 2480 continere,
994 2425 1192 2490 quum
1258 2409 1325 2470 in
1387 2407 1596 2471 densis
1659 2406 1935 2471 tenebris
1997 2404 2163 2471 nihil
2212 2405 2581 2490 dispiciam3
2633 2406 2742 2471 sed

355 2516 500 2576 ante
544 2509 734 2595 pedes
778 2513 983 2597 posita
1029 2517 1126 2576 est
1171 2514 1505 2576 correctio:
1570 2503 1626 2576 οἳ
1687 2513 1788 2576 ἐπὶ
1839 2509 2129 2591 ἐκπράξει
2180 2517 2296 2575 τῶν
2341 2512 2540 2591 φόρων
2589 2510 2739 2587 ἐξί-

350 2640 528 2683 οιεν.
602 2616 798 2683 Plane
859 2617 1249 2683 contrarium
1314 2620 1551 2683 vitium
1613 2626 1711 2683 est
1758 2620 1975 2702 Antiq.
2028 2617 2131 2684 19.
2188 2622 2244 2682 1.
2297 2616 2418 2695 16,
2462 2618 2577 2682 ubi
2619 2616 2739 2683 Ca·

354 2722 598 2811 lig-ulae
660 2723 881 2789 caedes
942 2722 1169 2789 multis
1233 2744 1378 2789 cnm
1415 2724 1824 2812 ambagibus
1886 2723 1996 2788 sed
2043 2721 2339 2808 perplexe
2387 2722 2735 2789 admodum

355 2828 743 2917 depingitur.
816 2830 1136 2895 Nunciato
1195 2832 1412 2897 vivere
1472 2833 1824 2915 principem
1846 2879 1863 2912 ,
1925 2827 2169 2895 nobiles
2217 2832 2328 2914 qui
2373 2831 2441 2893 in
2490 2830 2737 2895 theatro

353 2936 692 3015 sedebant,
757 2958 883 3001 non
944 2939 1083 3002 ausi
1147 2942 1295 3001 sunt
1339 2958 1636 3025 surgere:
1686 2941 1751 3003 οὐ
1799 2938 1927 3018 γὰρ
1976 2939 2095 3017 ἀφ’
2147 2932 2211 3010 ἧς
2260 2936 2556 3014 ἐξίοιεν
2603 2935 2737 3000 δια-

355 3044 550 3118 νοίας,
614 3044 982 3121 γενήσεσθαι
1045 3044 1178 3121 περ)
1241 3046 1466 3117 αὐτοὺς
1529 3046 1637 3117 τὴν
1702 3046 1927 3127 κρίσιν,
1996 3044 2147 3107 άλλ’
2192 3044 2315 3123 εἶφ’
2362 3038 2425 3119 ἧς
2476 3041 2738 3123 εἰκάζειν

355 3151 672 3225 θελήσειαν
720 3147 781 3215 οἷ’
818 3175 889 3215 τε
936 3151 1476 3231 κατηγορήσαντες
1526 3150 1630 3213 καὶ
1679 3152 1729 3215 οἱ
1780 3148 2148 3228 δικάζοντες.
2202 3147 2331 3214 Hic
2376 3156 2592 3215 contra
2636 3151 2739 3214 in-

353 3255 614 3344 telligo:
662 3261 705 3321 ἀ
723 3254 762 3333 ξ
780 3282 798 3323 ι
819 3265 930 3322 οῖε
946 3281 997 3323 ν.
1070 3256 1296 3323 Altera
1343 3259 1648 3323 correctio
1693 3255 1965 3323 alteram
2014 3254 2246 3320 firmat.

442 3438 814 3525 Inspicienti
866 3439 1110 3525 patebit
1163 3440 1668 3504 coniunctionem
1715 3437 2024 3503 excidisse
2072 3439 2287 3521 Antiq.
2346 3436 2449 3503 17.
2506 3436 2605 3502 13.
2656 3437 2735 3503 2:

351 3545 619 3628 γράφειν
681 3546 794 3621 μὲν
855 3546 1038 3631 (γάρ)
1098 3544 1427 3626 Ἀρχελάῳ
1481 3544 1769 3609 ταπεινὸν
1820 3546 2092 3623 ἡγεῖται.
2165 3542 2290 3609 Sed
2336 3547 2593 3631 gravior
2642 3550 2737 3609 est

353 3652 607 3718 offensio
643 3653 858 3737 Antiq.
905 3650 1003 3716 1¹7.
1053 3650 1158 3715 13.
1185 3650 1248 3715 4.
1299 3648 1632 3738 Glaphyra
1677 3650 1812 3717 filia
1863 3650 2311 3736 Cappadocum
2352 3653 2521 3738 regis
2560 3650 2735 3715 dein-

351 3778 496 3844 ceps
539 3760 760 3843 nupsit
807 3757 1164 3823 Alexandro
1210 3757 1623 3823 Mariammes
1671 3756 1840 3835 filio,
1887 3759 2027 3845 regi
2075 3755 2270 3822 Iubae
2316 3759 2399 3835 τῷ
2448 3770 2733 3847 πολυμα-

350 3869 443 3930 θεῖ
483 3871 548 3931 et
595 3862 907 3930 Archelao
951 3862 1383 3947 Ethnarchae,
1433 3862 1777 3929 Alexandri
1825 3864 2043 3946 fratri,
2101 3862 2427 3939 ἀπώμοτον
2473 3860 2534 3927 ὂν
2587 3860 2733 3925 ’1ου-

347 3971 532 4043 δαίοις
580 3970 880 4048 γαμετάς
927 3968 1218 4049 ἀδελφῶν
1258 3968 1562 4047 ἄγεσθαι,
1607 3976 1682 4035 ut
1722 3976 1819 4035 est
1852 3971 2071 4053 Antiq.
2113 3966 2215 4035 1¹7.
2258 3967 2358 4032 13.
2396 3970 2451 4033 I.
2498 3968 2733 4033 Paucis

347 4077 572 4143 diebus
631 4082 778 4142 ante
837 4081 1110 4142 mortem
1175 4073 1542 4163 Glaphyrae
1600 4078 1670 4140 in
1733 4078 1979 4142 somnio
2042 4076 2335 4159 apparuit
2389 4074 2734 4140 Alexandri

347 4187 581 4270 imago-
632 4183 844 4266 'I'une‚
893 4184 1134 4267 inquit,
1185 4185 1546 4248 sustinuisti
1594 4181 1973 4247 συντίθεσθαι
2024 4180 2165 4260 πρὸς
2205 4180 2585 4260 Ἀρχέλαον,
2627 4179 2733 4245 άν-

345 4289 455 4367 δρα
515 4290 629 4366 μὲν
677 4297 942 4363 σεαυτῆς
969 4338 984 4366 ,
1035 4290 1312 4370 άδελφὸν
1359 4289 1420 4355 δὲ
1471 4288 1775 4369 ἡμέτερον.
1851 4287 2019 4363 Quid
2074 4287 2193 4352 hoc
2242 4293 2337 4352 est
2381 4286 2571 4366 ἄνδρα
2618 4289 2733 4365 μὲν

347 4391 657 4467 uxoris?
727 4392 850 4460 Sed
899 4414 1048 4461 vere
1095 4402 1158 4460 et
1205 4397 1649 4461 convenienter
1695 4393 2080 4461 Archelaum
2106 4390 2475 4481 Glaphyrae
2499 4392 2730 4474 δαέρα

347 4500 696 4587 appellarat
742 4501 1434 4586 (ΑΝΔΡΛ-ΔΑΕΡΑ).
