3436 5161
1380 353 1780 407 naonorus.
2645 335 2774 405 155

386 520 629 590 lectum
688 523 795 590 ΠΙ
859 521 945 592 ’72
1008 526 1301 610 suspecta
1360 529 1579 589 tamen
1643 527 1740 588 est
1800 526 1880 590 ob
1927 545 2120 591 usum
2168 526 2573 612 sequiomm3
2619 543 2772 590 nam

386 631 533 696 faex
584 627 1043 696 Graeculorum
1089 650 1164 696 ea
1203 650 1319 695 usa
1358 634 1455 695 est
1492 636 1557 694 et
1600 628 1808 696 multo
1851 631 2112 716 quidem
2152 630 2544 717 frequentius
2581 651 2776 716 quam

387 757 466 802 ex
526 735 839 822 exemplis
902 757 1062 822 quae
1126 735 1487 802 Lobeckius
1549 736 1630 802 ad
1694 735 1938 824 Phryn.
2001 737 2263 825 Parerg.
2325 759 2380 804 c.
2442 735 2482 802 5
2530 757 2592 823 p.
2644 733 2776 804 '740

386 839 650 929 collegit
719 844 1077 928 suspiceris.
1145 841 1455 928 Persaepe
1525 854 1599 908 ut
1665 841 1785 910 hoc
1861 848 2008 909 utar
2075 848 2336 929 apparet
2394 844 2463 908 in
2526 841 2777 910 Ioannis

385 944 833 1034 Chryaostomi
876 949 1149 1035 scriptis,
1198 947 1394 1014 Recte
1439 951 1645 1038 igitur
1697 947 1966 1030 ἐκέρδηνε
2014 955 2342 1034 receptum
2392 949 2649 1016 videtur
2697 950 2776 1017 ab

386 1053 737 1120 editoribus
798 1063 863 1120 et
919 1056 1129 1121 nescio
1192 1075 1275 1119 an
1338 1057 1475 1121 sine
1544 1053 1727 1120 libris
1790 1054 2254 1124 restituendum
2323 1057 2410 1120 sit
2473 1053 2570 1121 IV
2624 1053 2774 1120 152.

385 1158 623 1225 Atticis
666 1163 886 1226 autem
932 1159 1417 1246 relinquendum
1466 1161 1633 1247 quod
1675 1158 1827 1228 VIII
1868 1161 1908 1227 5
1947 1161 2144 1228 codex
2183 1159 2512 1227 Romanus
2537 1159 2776 1227 obtulit

386 1263 767 1346 ἔκέρδΑΝεν.
1122 1300 1126 1304 ·

474 1475 627 1543 VIII
687 1475 730 1544 8
791 1480 935 1545 init.
997 1479 1101 1545 Ἐν
1146 1479 1211 1545 δὲ
1259 1477 1457 1560 τούτῳ
1512 1480 1595 1561 τῷ
1644 1478 1838 1562 χρόνῳ
1892 1481 1980 1567 [ἐν
2027 1473 2070 1563 ᾧ
2116 1477 2275 1582 οὗτοι
2319 1479 2565 1561 άριθμδν
2614 1480 2776 1547 ἕποι-

383 1587 555 1648 εῦντο
602 1589 720 1650 τῶν
769 1587 958 1672 νεῶν].
1032 1585 1163 1662 Qui
1212 1587 1271 1651 ἐν
1306 1587 1393 1667 τῷ
1442 1586 1770 1674 corrigunt
1811 1607 1938 1652 non
1973 1586 2069 1653 Η.
2107 1587 2446 1653 emendant
2485 1586 2596 1653 sed
2635 1607 2775 1654 ma-

385 1688 722 1776 gistellum
737 1735 757 1768 ‚
806 1693 917 1776 qui
961 1691 1117 1759 haec
1164 1691 1507 1778 adscripsit
1552 1713 1589 1758 e
1636 1695 1864 1779 capitis
1913 1688 1953 1759 '7
1999 1690 2145 1759 fine.

476 1901 639 1968 VIII
689 1901 774 1967 10
832 1903 1083 1971 Mutata
1128 1907 1639 1992 interpunctione
1684 1909 1752 1972 et
1797 1907 2181 1992 transposita
2226 1902 2456 1971 vocula
2501 1903 2570 1970 τὲ
2617 1905 2770 1970 scri-

386 2007 607 2074 batur:
655 2005 779 2075 ὅσοι
826 2009 943 2088 μέν
990 2034 1091 2076 νυν
1135 2017 1254 2080 τῶν
1300 2013 1505 2078 Ἱώνων
1552 2008 1697 2088 ἧσαι
1745 2011 1926 2078 εὔνοοι
1976 2019 2134 2077 τοῖσι
2174 2007 2449 2087 Ἕλλησι
2491 2009 2774 2086 ἀέκοντές

382 2136 453 2180 τε
519 2115 911 2196 ἕςρατεύοντο
932 2164 948 2195 ,
1013 2119 1331 2199 συμφορήν
1382 2120 1513 2204 [τε]
1563 2119 1871 2184 ἐποιεῦντο
1917 2115 2211 2196 μεγάλην
2261 2116 2519 2198 ὁρέοντες
2567 2124 2771 2198 <τε>

380 2220 845 2314 περιεχομένους
906 2224 1131 2296 αὐτοὺς
1194 2224 1297 2288 καὶ
1358 2224 1720 2298 ἔπιςάμενοι
1774 2225 1850 2297 ὥς
1907 2223 2095 2297 οὐδεὶς
2141 2224 2338 2290 αὐτῶν
2380 2225 2768 2301 άπονοςήσει.

377 2326 591 2415 Vulgo
636 2329 943 2395 inciditur
988 2335 1131 2416 post
1171 2327 1441 2406 Ἕλλησι
1488 2336 1554 2397 et
1604 2337 1748 2418 post
1797 2329 2114 2409 μεγάλην.

471 2539 627 2607 VIII
675 2539 760 2608 13
805 2543 949 2609 init.
996 2543 1221 2631 supple
1268 2544 1425 2621 <ὂ>
1472 2543 1709 2627 χειμών
1761 2569 1832 2609 τε
1883 2501 1987 2609 καὶ
2037 2540 2108 2607 τὸ
2157 2538 2328 2624 ὕδωρ.

471 2752 625 2821 VHI
668 2754 757 2821 20
804 2755 879 2822 In
925 2755 1179 2823 Bacidis
1227 2756 1479 2824 oraculo
1528 2778 1625 2825 vs.
1673 2757 1716 2824 2

548 2950 553 2955 .
807 2862 1075 2941 Εὐβοίης
1124 2864 1392 2944 ἀπέχειν
1438 2862 2054 2943 πολυμηκάδας
2102 2859 2300 2942 αἶγας

372 2964 545 3033 male
606 2970 923 3053 spernitur
982 2968 1135 3035 libri
1206 2967 1751 3059 Cantabrigiensis
1821 2970 2012 3036 lectio
2085 2985 2234 3035 πολ
2258 2969 2293 3034 ὺ
2365 2966 2766 3047 μηκάδας.

371 3070 558 3137 Nihil
618 3078 753 3139 erat
805 3095 918 3139 cur
965 3074 1149 3142 Bacis
1198 3082 1487 3143 constans
1536 3097 1872 3163 caprarum
1923 3077 2249 3162 epitheton
2300 3079 2600 3142 mutaret.
2649 3073 2764 3141 Se-

370 3179 629 3263 quitur:
691 3179 953 3245 τούτοισι
1020 3181 1081 3247 δὲ
1148 3182 1309 3246 οὐδὲν
1370 3189 1525 3247 τοῖσι
1588 3180 1761 3246 ἔπεσι
1818 3181 2260 3264 χρησαμένοισι
2310 3182 2370 3245 ἐν
2420 3189 2575 3246 τοῖσι
2619 3178 2766 3245 τότε

372 3285 672 3365 παρεοῦσί
716 3310 787 3351 τε
832 3288 939 3351 καὶ
989 3285 1436 3367 προσδοκίμοισι
1487 3296 1684 3367 παρῆν
1735 3294 1853 3369 σφι
1895 3287 2428 3372 (Euboeensibus)
2453 3291 2762 3370 συμφορῇ

368 3393 646 3473 χρᾶσθαι
712 3394 895 3473 πρὸς
958 3393 1043 3458 τά
1106 3394 1411 3472 μέγιστα.
1482 3391 1861 3481 Corrigatur
1920 3394 1996 3465 ἐς
2049 3393 2134 3458 τοὶ
2180 3392 2501 3479 μέγιστα,
2546 3398 2622 3458 ut
2669 3396 2768 3458 est

367 3496 537 3562 infra
586 3496 718 3563 144
766 3499 1076 3581 τιμωρέειν
1123 3500 1198 3573 ἐς
1248 3500 1333 3565 τὰ
1386 3499 1651 3579 μέγιςα.

466 3708 617 3775 VIII
662 3710 737 3775 21
796 3713 849 3777 εἴ
898 3736 947 3777 π
966 3737 1009 3777 α
1026 3727 1065 3776 λ
1087 3715 1121 3788 ἦ
1142 3737 1180 3778 σ
1198 3737 1262 3778 ει
1284 3738 1314 3777 ε
1363 3715 1390 3779 ὃ
1438 3714 1721 3786 ναυτικὸς
1773 3712 2056 3792 στρατός.
2119 3711 2454 3802 Ingeniose
2504 3712 2768 3779 Valcke-

371 3836 525 3880 naer
562 3814 621 3880 εἴ
656 3842 715 3882 τι
744 3820 1053 3885 πταίσειε.
1103 3817 1529 3885 Veruntamen
1556 3821 1759 3884 satius
1787 3823 2028 3885 estnon
2057 3823 2338 3905 tangere.
2363 3817 2765 3905 Hesychius:

372 3944 425 3985 π
444 3944 486 3984 α
502 3936 541 3985 λ
560 3923 594 3997 ἦ
612 3946 651 3986 σ
669 3948 699 3987 ε
717 3947 735 3988 ι
754 3948 783 3987 ε
805 3946 821 3963 ·
887 3924 1271 4007 διαφθαρείη·
1338 3925 1368 3989 ἕ
1387 3949 1434 3989 π
1452 3923 1494 3989 ά
1512 3940 1551 3989 λ
1571 3939 1611 3989 λ
1631 3950 1665 3999 η
1686 3949 1724 3988 σ
1743 3949 1773 3989 ε
1796 3947 1825 3987 ν
1888 3924 1959 4011 (1.
2023 3923 2385 4010 ε’πάλησεν)·
2445 3920 2761 4004 διεφθάρη·
2817 3911 2822 3917 ’

372 4052 423 4092 π
442 4051 470 4091 ε
488 4052 539 4091 π
554 4038 597 4090 α
617 4043 656 4092 λ
674 4054 707 4104 η
726 4030 823 4107 μέ
841 4053 870 4093 ν
887 4024 931 4095 α
950 4056 968 4095 ι
992 4053 1005 4070 ·
1048 4028 1508 4108 βεβλαμμέναι
1529 4079 1547 4113 ,
1593 4029 1762 4095 unde
1805 4036 2064 4115 apparet
2103 4030 2456 4114 antiquitus
2494 4027 2782 4105 verbum.

370 4131 628 4198 παλέειν
676 4138 859 4201 cuius
909 4139 1087 4224 origo
1134 4156 1247 4202 nos
1294 4136 1452 4201 latet
1470 4183 1487 4213 ,
1537 4133 1831 4220 pluribus
1878 4134 2035 4200 locis
2083 4135 2326 4200 lectum
2375 4134 2590 4200 fuisse.

378 4380 385 4384 ·
462 4344 613 4411 VIII
658 4344 747 4415 27
809 4346 912 4411 τὸν
972 4346 1051 4413 ἂν
1106 4350 1193 4424 μη
1259 4346 1914 4429 λευκανθίζοντα
1975 4346 2243 4412 ἴδωνται.
2293 4340 2576 4415 Verbum
2630 4361 2768 4413 λευ-

366 4450 666 4532 κανθίζειν
730 4459 1170 4540 praeterquam
1235 4455 1301 4521 h.
1350 4455 1391 4520 l.
1446 4454 1614 4540 apud
1663 4454 1830 4521 solos
1879 4456 2198 4540 sequiores
2245 4453 2508 4542 legitur.
2577 4456 2762 4523 Anti-
