3436 5161
1243 402 1516 452 rmvms
1559 378 1894 452 sosarnus.
2621 382 2752 449 399

376 566 619 652 κέςους,
664 568 713 632 εἰ
764 564 977 648 ζῶντες
1027 568 1173 634 ὑπὸ
1220 568 1543 649 Ῥωμαίοις
1594 566 1858 646 ἐσόμεθα
1879 617 1900 643 ,
1956 526 2128 633 maio
2175 567 2439 634 eandem
2488 588 2750 655 praepo-

377 677 673 740 sitionem
722 678 753 739 ἐ
765 700 815 740 π
830 676 875 743 ι’.

470 854 669 924 Credo
732 860 813 925 ab
858 861 1209 926 victoribus
1256 862 1571 927 saevitum
1620 860 1817 925 fuisse
1858 860 1926 923 in
1974 860 2241 923 miseros
2283 855 2328 922 J
2330 858 2561 924 udaeos
2578 907 2596 943 ‚
2643 860 2754 927 sed

377 964 541 1029 mihi
582 984 709 1029 non
756 968 967 1031 minus
1012 987 1384 1052 persuasum
1434 974 1529 1031 est
1548 1014 1563 1039 .
1612 965 1650 1031 J
1654 966 1963 1051 osephum
2009 968 2076 1029 in
2123 966 2337 1052 gentis
2381 986 2530 1031 suae
2568 968 2757 1031 mise-
2839 950 2850 963 ⁹

377 1071 491 1136 riis
538 1070 964 1137 describendis
984 1122 1003 1158 ‚
1049 1093 1175 1137 non
1220 1071 1671 1158 temperavisse
1717 1074 1798 1137 ab
1838 1073 2348 1158 exaggeratione.
2400 1068 2618 1135 Veluti
2651 1074 2754 1136 in-

379 1178 679 1244 credibile
724 1186 820 1243 est
863 1179 1031 1264 quod
1077 1180 1357 1268 legimus
1403 1180 1473 1246 B.
1523 1178 1586 1245 J.
1640 1177 1701 1244 7.
1753 1178 1814 1243 3.
1869 1180 1937 1242 1:
1988 1178 2016 1242 ὃ
2067 1177 2191 1257 γὰρ
2239 1177 2486 1256 ἀριθμὸς
2533 1184 2648 1242 τῶν
2695 1174 2756 1241 ἓν

377 1309 447 1350 τε
493 1293 634 1357 ταῖς
681 1286 827 1367 πρὸς
876 1286 961 1351 τὰ
1008 1286 1181 1367 θηρία
1219 1288 1473 1368 μάχαις
1516 1288 1619 1351 καὶ
1660 1293 1776 1351 τῶν
1813 1292 2756 1370 ΚΛΤΛΠΙΜΠΡΛΜΕΝΩΝ,

378 1392 438 1489 ἓν
477 1416 547 1457 τε
588 1400 729 1465 ταῖς
770 1392 1279 1466 αλληλοκτονίαις
1320 1392 1789 1472 ἀναιρουμένων,
1839 1393 2273 1469 πεντακοσίους
2318 1392 2418 1456 ἐπὶ
2459 1400 2584 1462 τοῖς
2627 1391 2756 1456 δισ-

376 1498 602 1578 χιλίοις
653 1498 1023 1580 ὑπερέβαλε.
1094 1482 1427 1587 Numquid
1472 1500 1647 1565 aliud
1695 1500 1802 1565 hie
1848 1500 2109 1565 fortasse
2153 1496 2354 1565 latet?

468 1681 542 1747 B.
582 1681 642 1747 J.
687 1682 747 1751 7.
785 1682 853 1747 4.
890 1682 935 1748 2
982 1684 1059 1749 de
1106 1682 1438 1749 Germanis
1484 1685 1702 1771 agitur
1747 1684 1858 1769 qui
1905 1683 1984 1747 ab
2032 1680 2336 1748 Romanis
2383 1682 2756 1750 defecerant.

376 1788 762 1855 Defectionis
834 1797 1049 1855 autem
1114 1797 1398 1855 auctores
1459 1790 1655 1855 fuisse
1720 1791 2019 1855 dicuntur
2082 1787 2430 1860 Κλασσικός
2492 1812 2585 1861 τις
2651 1788 2756 1854 καὶ

382 1905 435 1959 O
458 1894 745 1960 ὐιτέλλ
768 1918 829 1961 ιο
852 1922 906 1968 ς.
976 1892 1329 1962 Classicum
1392 1899 1543 1963 novi
1606 1918 1683 1961 ex
1744 1894 1952 1962 Taciti
2015 1894 2354 1979 Historiis,
2416 1895 2525 1962 sed
2571 1897 2760 1979 ⁴intel·

378 1999 729 2069 Germanos
776 2001 1115 2067 Vitellium
1162 2023 1286 2069 non
1334 2004 1506 2069 novi.
1579 2000 1924 2069 Claudium
1973 1998 2250 2069 Civilem
2273 2050 2290 2085 ,
2341 2003 2561 2087 opinor
2580 2049 2597 2081 ,
2642 2022 2759 2068 no-

378 2110 686 2186 minavit,
736 2098 843 2174 sed
890 2129 1013 2174 non
1061 2112 1215 2175 satis
1255 2116 1513 2195 apparet
1552 2108 1867 2194 quomodo
1910 2108 2029 2173 hoc
2068 2128 2299 2174 nomen
2323 2105 2583 2174 Graecis
2617 2107 2760 2174 lite-

376 2218 465 2281 ris
512 2215 915 2282 scribendum
964 2218 1069 2281 sit.
1143 2214 1436 2281 Fortasse
1483 2236 1707 2280 verum
1757 2220 1853 2279 est
1897 2217 2193 2287 Κιουίλιος
2241 2222 2306 2280 et
2353 2214 2760 2281 conferendae

377 2327 527 2387 sunt
590 2319 901 2387 Codicum
961 2320 1284 2387 lectiones.
1356 2322 1476 2387 Sed
1540 2330 1637 2387 est
1698 2341 1846 2387 sane
1893 2324 2128 2386 certius
2173 2322 2573 2386 scribendum
2625 2342 2758 2387 esse

376 2427 449 2492 B.
496 2428 561 2493 J.
614 2426 671 2493 7.
724 2425 785 2492 5.
842 2426 915 2491 3:
980 2424 1113 2493 ὅσον
1175 2436 1301 2500 τοῖς
1366 2428 1799 2509 ὀφθησομένοις
1858 2427 2035 2505 μόνον
2081 2429 2166 2499 εἷς
2215 2427 2470 2509 παροδον
2516 2432 2759 2506 οἰναγ-

378 2542 606 2601 καῒον
652 2533 1145 2612 καταλιπόντες,
1201 2554 1327 2600 non
1373 2534 1872 2614 ἀναγκαίαν.

468 2720 541 2788 Β.
587 2719 646 2786 J.
698 2719 759 2786 7.
811 2719 871 2785 5.
924 2719 963 2786 5
1011 2719 1391 2786 describitur
1436 2719 1916 2808 magnificentia
1961 2721 2294 2806 triumphi.
2340 2723 2415 2786 Ἡ
2454 2721 2648 2804 τέχνη
2694 2723 2758 2788 δὲ

378 2828 482 2892 καὶ
548 2833 663 2892 τῶν
725 2826 1353 2905 κατασκευασμάτων
1402 2830 1437 2902 ἡ
1486 2828 1930 2907 μεγαλουργία
1993 2834 2148 2910 τοῖςἡ
2182 2829 2290 2892 οὐκ
2353 2828 2611 2893 εἰδόσι
2672 2831 2758 2894 τὰ

377 2934 706 3014 γινόμενα,
754 2934 897 3000 τότε
948 2935 1240 2999 ἐδείκνυεν
1286 2937 1365 3006 ὥς
1413 2939 1690 3012 παροῦσι.
1737 2933 1877 2999 Imo
1925 2933 2206 2999 ἰδοῦσι.
2270 2933 2604 3020 Nusquam
2649 2936 2760 3002 Jo-

376 3041 609 3126 sephus
673 3042 883 3128 magis
946 3040 1179 3126 dignus
1243 3047 1339 3106 est
1384 3059 1574 3126 quem
1622 3047 2024 3124 contemnas,
2075 3061 2268 3126 quam
2316 3043 2383 3104 in
2431 3061 2504 3106 ea
2550 3042 2759 3106 ambi-

378 3147 540 3213 tiosa
586 3145 1002 3212 delineatione
1050 3147 1393 3231 triumphi,
1435 3167 1619 3231 quem
1664 3149 1799 3231 ipse
1838 3148 2145 3212 sustinuit
2169 3153 2470 3232 spectare.
2498 3145 2758 3214 Trium-

376 3253 533 3338 phat
580 3249 1037 3338 propemodum
1090 3255 1261 3338 ipse,
1310 3253 1467 3318 dum
1512 3261 1726 3318 narrat
1773 3251 2101 3319 Simonem
2139 3250 2334 3320 Giora
2368 3255 2438 3318 in
2463 3251 2759 3320 Tulliano

378 3358 850 3447 strangulatum
898 3359 1115 3432 fuisse.
1168 3357 1383 3424 Unum
1430 3362 1491 3426 ei
1539 3359 1788 3444 deerat,
1835 3359 2003 3445 quod
2041 3357 2316 3425 Romani
2349 3365 2761 3446 pepercerunt

378 3465 418 3532 J
421 3466 652 3533 ohanni
698 3452 1084 3553 Gisgalensi.

468 3648 755 3733 Denique
798 3648 1041 3736 fugisse
1086 3648 1323 3714 dicitur
1361 3647 1826 3736 Commagenes
1863 3670 1974 3714 rex
2013 3649 2373 3716 Antiochus
2410 3653 2624 3714 πᾶσαν
2649 3652 2757 3726 τὴν

378 3756 714 3833 βασιλείαν
760 3758 837 3828 ὥς
885 3750 1058 3835 εἶχεν
1104 3756 1205 3820 ἐπὶ
1255 3757 1691 3836 σχήματος
1739 3759 2143 3842 καταλιπών,
2189 3756 2300 3822 sed
2347 3756 2492 3824 vide
2533 3777 2762 3824 annon

378 3867 653 3948 praestet
704 3861 803 3926 ἐπ’
850 3861 1311 3942 ὄχήματος.

473 3969 652 4047 Ἐμοὶ
706 3968 821 4047 μὲν
880 3968 952 4044 δὴ
1008 3967 1198 4050 μέχρι
1246 3968 1423 4034 τοῦδε
1467 3967 1812 4053 γεγράφθω
1836 4019 1852 4048 ,
1903 3969 1990 4035 τὰ
2035 3969 2098 4034 δὲ
2151 3969 2342 4035 λοιπὰ
2390 3967 2533 4044 ἴσως
2582 3966 2758 4052 ἄλλῳ

379 4075 659 4152 μελήσει.

629 4179 1253 4294 Amstesodami

472 4333 533 4400 d.
584 4332 625 4398 6
671 4355 761 4400 m.
807 4333 1176 4402 Decembris
1228 4333 1425 4403 1884.
