3436 5161
1252 1205 1946 1284 OBSERVATIONES
2005 1207 2409 1284 CRITICAE

1800 1451 1863 1492 nr

1220 1645 1743 1756 FLAVIUM
1844 1647 1902 1754 J
1905 1643 2462 1756 OSEPHUM.
2605 1653 2618 1666 '

1696 1925 1982 1978 somer!

1558 2127 1626 2196 S.
1671 2131 1746 2196 A.
1797 2129 2108 2200 NABER..

1644 2418 2030 2456 ..ψ

1098 2670 1594 2759 (Continuantur
1640 2696 1715 2741 σω
1761 2674 1942 2739 buin-2
1987 2674 2140 2739 Tem.
2183 2697 2336 2763 pay.
2387 2671 2570 2759 284).

740 2886 815 2953 In
861 2888 1083 2952 Mnem.
1134 2885 1341 2974 ‚XXIL
1394 2888 1426 2952 1
1480 2882 1756 2953 Cobetus
1803 2908 2001 2971 nuper
2049 2886 2324 2972 suscepit
2361 2886 2791 2953 demonstrare
2813 2887 3025 2955 Heca-

652 2996 779 3059 taei
840 2992 1083 3059 Milesii
1142 2996 1376 3079 scripta
1440 2994 1617 3059 brevi
1664 3001 1808 3079 post
1855 2992 2252 3059 Herodotum
2303 2996 2564 3079 periisse
2609 3000 2674 3059 et
2719 2994 3026 3081 quidquid

652 3102 770 3167 sub
836 3099 1139 3165 Hecataei
1200 3104 1457 3166 nomine
1520 3108 1737 3185 postea
1799 3100 2097 3178 ferretur,
2165 3101 2362 3166 fuisse
2407 3101 2918 3181 ψευδεπίγραφον
2965 3107 3032 3168 et

652 3206 957 3272 Hecataei
1004 3204 1169 3271 nibil
1214 3216 1463 3291 praeter
1514 3227 1749 3272 nomen
1799 3206 2116 3273 habuisse.
2177 3206 2320 3273 Non
2361 3206 2707 3273 admodum
2747 3208 3030 3275 dissimi-

651 3314 733 3381 lis
794 3333 981 3379 causa
1041 3320 1136 3379 est
1194 3313 1500 3379 Hecataei
1563 3313 1940 3391 Abderitae,
2007 3316 2118 3399 qui
2173 3310 2556 3395 Ἀλεξάνδρῳ
2619 3316 2702 3395 τῷ
2769 3314 3036 3392 βασιλεῖ

655 3423 1010 3495 cruminans
1062 3420 1165 3483 καὶ
1214 3420 1588 3501 Πτολεμαίῳ
1637 3422 1721 3501 τῷ
1762 3420 1986 3497 Λάγου
2026 3419 2410 3498 συνέγενετο,
2455 3422 2557 3486 uti
2595 3421 2815 3487 scribit
2851 3418 3031 3487 Jose·

652 3527 821 3613 phua
884 3533 1098 3591 contra
1159 3526 1469 3611 Apionem
1536 3526 1591 3592 I.
1654 3524 1767 3594 22.
1852 3526 1980 3593 Hic
2035 3546 2183 3590 cum
2230 3525 2394 3603 alia,
2445 3532 2584 3591 tum
2635 3528 3034 3613 Aegyptiace

656 3634 1047 3718 composuit,
1126 3652 1201 3697 ex
1268 3633 1500 3717 quibus
1562 3634 1640 3699 de
1699 3631 1960 3699 Judaeis
2021 3632 2332 3699 Diodorus
2399 3630 2654 3700 Siculus
2722 3633 3034 3719 quaedam

657 3742 1005 3826 excerpsit,
1054 3760 1201 3804 nam
1252 3740 1418 3825 quod
1466 3739 1740 3805 Photius
1785 3741 2018 3805 scribit
2055 3741 2122 3804 in
2161 3738 2559 3806 Bibliotheca
2597 3761 2659 3824 p.
2703 3738 2834 3804 380
2873 3739 3034 3807 Bk.:

658 3849 791 3928 περὶ
843 3848 955 3925 μὲν
1001 3852 1117 3911 τῶν
1162 3848 1465 3912 Ἰουδαίων
1510 3852 1846 3918 Ἑκαταῖος
1895 3847 1924 3911 ὅ
1972 3846 2276 3922 Μιλήσιος
2321 3850 2534 3911 ταῦτα
2581 3846 2885 3926 ἱςόρηκεν,
2927 3867 3034 3933 ap-

655 3958 836 4041 paret
895 3952 1330 4019 Patriarcham
1394 3952 1753 4019 confudisse
1813 3951 2145 4019 Milesium
2210 3956 2276 4017 et
2337 3952 2708 4018 Abderitam
2775 3956 3036 4038 ipseque

660 4060 973 4127 Diodorus
1032 4056 1337 4125 Hecataei
1384 4058 1726 4125 Abderitae
1773 4062 2137 4125 testimonio
2182 4061 2562 4125 nominatim
2611 4080 2766 4125 usus
2811 4066 2906 4126 est
2951 4058 3033 4125 11.

660 4164 768 4231 47.
838 4165 1220 4252 Supervenit
1266 4154 1481 4251 postea
1526 4166 1814 4232 Judaeus
1837 4216 1852 4241 ,
1901 4168 2014 4251 qui
2059 4166 2250 4252 hujus
2288 4165 2633 4233 Abderitae
2665 4166 2857 4233 libros
2895 4187 3034 4253 cor-

659 4275 827 4338 rexit
886 4278 951 4339 et
1010 4270 1419 4357 interpolavit
1478 4292 1589 4358 eaq
1597 4294 1677 4339 ue
1735 4292 1898 4339 nova
1943 4274 2302 4339 recensione
2351 4272 2646 4359 turpibus
2691 4270 3036 4339 mendaciis

600 4412 608 4421 ·
658 4379 1071 4445 refertissima
1131 4376 1171 4444 J
1175 4378 1444 4464 osephus
1505 4400 1659 4444 usus
1716 4386 1812 4446 est
1831 4428 1846 4457 ,
1901 4385 1974 4445 ut
2018 4380 2328 4465 Apionem
2375 4380 2744 4446 confutaret.
2819 4381 3034 4446 Etiam

659 4488 940 4553 Aristeas
984 4485 1363 4551 Abderitam
1411 4488 1717 4573 cognovit·
1758 4496 1824 4553 et
1868 4486 1948 4553 ab
1994 4506 2069 4553 eo
2113 4506 2370 4553 causam
2417 4486 2643 4553 didicit
2687 4506 2799 4553 cur
2841 4484 3034 4553 Sacra
