3436 5161
1374 360 1462 407 an
1506 357 1857 407 mucimus.
2719 334 2808 401 89

516 522 669 610 Gap.
722 522 829 589 13.
880 523 1079 589 Miror
1114 526 1468 602 neminem,
1509 523 1673 608 quod
1714 525 1946 597 seiam,
1988 522 2263 587 haesisse
2300 525 2368 587 in
2405 522 2542 588 his:
2600 524 2805 604 ἦσυχῆ

424 628 501 697 ἄν
565 628 1007 714 ὑπεφθέγξατο
1070 631 1742 708 προσποιούμενος
1802 628 2254 712 λανθάνειν,
2302 626 2499 703 ὥσπερ
2548 631 2613 694 οὐ
2661 633 2804 708 πρὸς

424 737 643 801 ἐκεῖνον
705 734 1058 801 άποτείνων.
1146 734 1286 801 Aut
1333 755 1452 821 ego
1502 736 1762 821 egregie
1811 733 1996 798 fallor
2039 742 2154 800 aut
2196 735 2350 799 haec
2397 736 2590 799 verba
2641 734 2807 800 nihil

425 840 599 907 aliud
658 840 1021 929 significant
1081 861 1274 926 quam
1322 842 1511 904 latere
1554 862 1617 903 ee
1660 840 1951 904 simulans
1968 887 1984 917 ,
2034 861 2182 905 oum
2234 847 2450 906 tamen
2497 845 2810 907 sententia

425 948 765 1014 manifesto
811 950 1091 1034 requirat
1138 949 1323 1013 latere
1368 970 1429 1011 se
1466 948 1618 1011 velle
1655 946 1976 1023 simulam&
2017 967 2177 1031 quae
2212 950 2409 1011 etiam
2447 954 2581 1014 erat
2618 968 2810 1013 causa

424 1074 537 1119 eur
600 1073 750 1121 voce
808 1053 1127 1120 submissa
1187 1052 1575 1137 loqueretur.
1660 1050 1792 1117 Hic
1851 1072 2069 1117 sensus
2131 1050 2392 1117 Graecis
2446 1073 2571 1117 non
2617 1055 2808 1117 inerit

424 1162 549 1225 nisi
610 1166 723 1225 aut
782 1156 1087 1224 ἐθέλειν
1148 1164 1263 1224 aut
1312 1160 1743 1238 πειρᾶσθαι
1793 1157 2207 1242 suppleveris.
2280 1156 2454 1238 Quae
2499 1180 2652 1224 mox
2707 1180 2807 1225 se·
2889 1224 2897 1232 ,

423 1278 707 1351 quantur
764 1264 897 1345 ἔαρ
955 1263 1093 1338 ἤδη
1158 1264 1392 1329 melius
1449 1285 1561 1349 per
1622 1265 2184 1351 interrogationem
2243 1265 2610 1329 efferentur:
2667 1288 2806 1329 mom

424 1371 547 1435 iam
589 1392 693 1435 ver
738 1367 862 1435 eet?
909 1370 1079 1455 quod
1122 1379 1219 1435 est
1264 1370 1728 1436 subsannantis.

517 1582 673 1667 Cap.
742 1581 842 1649 1¹7.
898 1584 965 1648 τί
1004 1582 1107 1647 καὶ
1158 1581 1490 1663 πράξειν
1536 1570 2007 1660 διέγνωκας.
2079 1581 2217 1647 Aut
2267 1582 2650 1663 πράττειν
2695 1590 2809 1650 aut

427 1686 727 1769 πρᾶξαι
792 1709 1055 1774 repon03
1117 1710 1266 1754 nam
1330 1690 1819 1767 γιγνώσκειν
1879 1696 1943 1755 et
1988 1689 2611 1767 διαγιγνώσκειν
2657 1711 2807 1757 cum

425 1795 643 1861 futuro
704 1815 827 1861 non
888 1797 1381 1881 coniunguntur.
1466 1794 1780 1880 Exempla
1839 1796 2076 1881 passim
2125 1802 2275 1861 sunt
2337 1796 2558 1881 obvia,
2623 1802 2698 1861 ut
2743 1798 2810 1861 in

428 1900 548 1966 hoe
591 1902 731 1986 ipso
778 1898 1032 1987 dialogo
1080 1920 1214 1985 cap.
1274 1899 1357 1964 15
1407 1899 1830 1979 λατρεύειν
1878 1900 2180 1978 διέγνωκε.
2233 1902 2391 1967 Mox
2435 1904 2501 1965 in
2539 1922 2674 1988 eap.
2720 1900 2807 1966 18

428 2006 517 2071 in.
566 2008 815 2095 oorrige
861 2004 1335 2086 προθέμενος
1380 2026 1495 2093 pro
1551 2006 2123 2087 προτιθέμενος.

518 2218 673 2306 Cap.
733 2218 842 2284 20.
910 2219 1109 2285 καίτοι
1166 2218 1774 2299 μαρτυρομένης
1833 2228 1944 2295 τῆς
1996 2218 2219 2299 Τύχης
2271 2219 2513 2301 παίζειν
2561 2220 2647 2285 τά
2691 2221 2810 2285 τῶν

426 2326 743 2405 ανθρώπων
791 2324 895 2391 καὶ
946 2326 1493 2403 ὁμολογούσης
1538 2324 1726 2403 μηδὲν
1773 2327 1974 2391 αὐτῶν
2021 2321 2173 2390 εἶναι
2222 2325 2506 2404 βέβαιον.
2559 2324 2810 2406 Quanto

430 2433 643 2517 aptius
687 2433 806 2499 hoc
851 2433 1095 2497 dietum
1146 2437 1310 2497 esset
1332 2480 1349 2508 ,
1400 2433 1455 2496 si
1500 2431 1654 2497 haec
1702 2433 2039 2517 participia
2087 2434 2251 2497 inter
2299 2454 2366 2498 se
2404 2439 2808 2517 transponere

424 2534 677 2606 liceret!

519 2749 673 2837 Gap.
711 2750 819 2818 2l.
867 2753 919 2817 οἱ
967 2755 1373 2823 πλουτοῦντες
1424 2773 1467 2814 α
1486 2749 1649 2814 ὖτο)
1699 2750 1828 2814 καὶ
1874 2749 1992 2821 τὰς
2042 2750 2418 2830 πορφυρίδας
2446 2738 2806 2834 προφαίνον-

422 2880 549 2928 τες.
618 2856 700 2922 In
748 2857 969 2923 αὐτοὶ
1020 2859 1187 2936 καί,
1229 2856 1396 2942 quod
1431 2858 1568 2923 sine
1604 2855 1741 2922 ulla
1763 2857 1831 2922 vi
1855 2854 2144 2934 additur,
2168 2855 2448 2941 pellucet
2467 2859 2805 2943 αὐτίκα,

418 2964 517 3028 vel
557 2968 782 3029 atatim.

515 3171 669 3260 Cap.
732 3173 841 3239 22.
906 3174 1093 3246 Κύνες
1144 3173 1249 3239 καὶ
1298 3172 1642 3246 κόλακες
1692 3172 1797 3238 καὶ
1846 3174 1932 3238 τὰ
1980 3179 2242 3239 τοιαῦτα
2289 3175 2528 3242 &zoom
2576 3177 2806 3255 ὑπομέ-

424 3301 644 3352 νοντες.
724 3278 1116 3345 Commendo
1178 3279 1553 3359 κόρακες,
1614 3278 1783 3364 quod
1830 3284 1895 3344 et
1941 3280 2147 3345 acrius
2193 3287 2290 3346 est
2334 3285 2696 3350 convicium
2745 3291 2810 3352 et

422 3385 657 3450 melius
706 3406 853 3448 cum
902 3386 1145 3448 canibus
1192 3387 1604 3472 coniungitur
1651 3389 1715 3449 et
1761 3387 2131 3470 saepissime
2170 3385 2246 3451 de
2287 3390 2520 3453 scurris
2557 3393 2625 3454 et
2647 3390 2806 3456 adu-

422 3490 733 3557 latoribus
779 3497 844 3556 et
890 3492 1184 3576 parasitis
1232 3491 1401 3576 apud
1448 3510 1668 3556 omnes
1713 3490 2090 3566 adhibetur,
2118 3493 2284 3556 utin
2308 3490 2578 3560 Timone
2601 3515 2739 3581 cap.
2765 3493 2809 3559 8

423 3595 697 3676 κόραξι
756 3597 859 3661 καὶ
925 3597 1126 3669 λύκοις
1188 3594 1590 3678 χαριζόμενος
1638 3601 1704 3660 et
1752 3615 1889 3681 cap.
1945 3595 2031 3661 48
2078 3596 2420 3678 κοράκων
2470 3599 2632 3666 οὐδὲν
2683 3599 2818 3681 am<

420 3702 743 3785 φέροντας.

513 3911 665 4000 Gap.
719 3912 830 3980 23.
875 3913 1063 3992 μηδὲν
1101 3913 1325 3994 ὄφελος
1370 3909 1523 3979 εἶναι
1564 3919 1976 3995 περικαλλοῦς
2014 3913 2207 3988 οἰκίας
2246 3917 2332 3998 τῷ
2371 3919 2624 3984 οἰκοῦντι
2651 3919 2804 3995 μηδὲ

419 4024 649 4102 χρυσοῦ
699 4019 804 4086 καὶ
853 4021 1230 4104 ἐλέφαντος,
1281 4023 1330 4086 εἰ
1380 4019 1468 4098 μή
1514 4043 1608 4094 τις
1650 4020 1818 4085 αὐτὰ
1846 4019 2167 4102 θαυμάζοι.
2209 4023 2344 4088 Aut
2368 4022 2631 4091 delenda
2657 4033 2808 4093 sunt

418 4127 613 4192 verba
652 4127 750 4207 τῷ
801 4127 963 4191 οἱκο
986 4131 1188 4210 ῦντι,
1238 4126 1471 4211 quibus
1516 4124 1703 4191 facile
1753 4145 2078 4210 caremus,
2121 4133 2234 4192 aut
2279 4134 2422 4214 post
2463 4129 2804 4211 ἐλέφαντος

418 4233 518 4310 τῷ
582 4231 1043 4312 κεκτημένῳ
1092 4231 1199 4297 vel
1249 4231 1463 4297 simile
1511 4231 1665 4316 quid
1710 4231 2153 4310 inserendum3
2203 4255 2352 4299 nam
2400 4241 2576 4320 patet
2619 4261 2807 4321 χρυ-

418 4341 556 4404 σοῦ
617 4338 751 4403 καὶ
812 4338 1261 4419 ἐλέφαντος
1310 4357 1457 4402 cum
1504 4339 1603 4418 τῷ
1652 4338 1993 4403 οἰκοῦντι
2041 4337 2219 4404 nullo
2265 4340 2454 4407 modo
2502 4345 2804 4434 coniungi

416 4463 615 4530 posse.
689 4443 767 4510 In
818 4446 1129 4530 proximis
1176 4441 1401 4529 supple
1447 4443 1636 4526 ἐχρῆν
1686 4444 1854 4530 (μὲν)
1899 4438 1997 4510 οὖν
2029 4493 2224 4511 .....
2279 4452 2380 4512 νῦν
2427 4446 2510 4518 δέ.
2559 4447 2803 4517 Iterum
