3436 5161
1544 273 1866 325 nemus.
2760 252 2894 319 217

606 438 732 504 Pro
777 460 900 518 μευ
943 436 1078 525 legi
1120 442 1329 523 potest
1373 440 1476 515 με’
1524 447 1581 504 Λ
1627 437 1737 523 37,
1786 437 1953 525 451,
2004 448 2051 505 Ζ
2102 437 2272 518 334,
2322 448 2377 504 Η
2426 437 2595 518 235,
2645 450 2670 503 1
2721 437 2892 522 262,

516 544 682 622 355,
751 554 794 609 P
861 540 986 627 29,
1049 554 1108 609 Ψ
1175 542 1342 623 648,
1391 543 1432 625 ζ
1471 543 1640 629 325,
1689 570 1727 610 κ
1776 545 1940 623 311,
1996 544 2163 625 400,
2214 544 2384 624 455,
2435 544 2601 625 481,
2652 569 2680 611 ο
2733 545 2897 627 172,

516 651 680 729 318,
735 674 784 715 π
830 648 998 729 259,
1049 675 1086 715 σ
1143 649 1307 730 129,
1353 674 1406 732 χ
1457 650 1626 731 357,
1674 676 1716 715 ω
1764 650 1919 717 265.

604 758 730 823 Pro
779 781 899 834 μευ
947 757 1334 823 substituere
1380 757 1532 823 licet
1579 780 1690 836 μεο
1739 767 1766 822 1
1819 756 1990 835 345,
2044 767 2102 823 Ν
2153 755 2318 836 626,
2362 782 2391 824 ε
2437 755 2605 835 170,
2646 783 2696 834 μ
2725 756 2897 846 379,

513 889 542 945 ρ
608 863 736 929 397
758 911 775 941 ,
840 869 893 943 ψ
955 861 1088 927 230
1107 884 1124 941 ;
1192 864 1360 948 quod
1426 870 1642 929 autem
1704 888 1819 940 μεο
1866 884 2178 949 nusquam
2228 868 2553 949 comparet
2598 866 2664 928 in
2714 868 2897 930 textu

513 970 891 1047 Homerico,
941 972 1034 1035 ita
1079 976 1153 1035 ut
1199 968 1354 1036 haec
1400 969 1605 1036 forma
1653 991 1731 1035 ex
1778 969 1911 1035 'sola
1956 970 2249 1058 analogia
2295 972 2381 1035 sit
2424 970 2787 1046 formanda,
2827 970 2898 1037 id

513 1077 792 1162 profecto
853 1096 1028 1142 mero
1092 1078 1265 1141 casui
1329 1081 1424 1141 est
1486 1076 1894 1141 tribuendum
1919 1126 1937 1152 ,
2006 1097 2155 1141 cum
2216 1100 2315 1142 σεο
2377 1080 2440 1141 et
2508 1100 2595 1142 reo
2657 1078 2897 1161 passim

512 1186 922 1269 reperiantur.

608 1290 782 1372 Quae
830 1310 978 1356 vero
1024 1289 1382 1374 frequenter
1428 1291 1704 1354 occurrit
1751 1289 1944 1355 dictio
1992 1288 2257 1355 κέκλυτέ
2296 1313 2450 1374 μευ,
2493 1291 2588 1354 ita
2612 1288 2901 1355 adhibita

514 1404 589 1463 ut
648 1418 849 1481 neque
915 1394 1102 1482 plena
1161 1398 1437 1483 genitivi
1501 1395 1704 1461 forma
1770 1396 2072 1461 substitui
2125 1399 2323 1482 possit
2368 1417 2569 1481 neque
2619 1393 2773 1461 elisa
2797 1445 2812 1472 ,
2864 1414 2902 1459 a

514 1506 620 1570 via
682 1524 872 1588 quam
930 1504 1288 1569 institimus
1351 1522 1464 1568 nos
1529 1501 1843 1587 depellere
1901 1522 2027 1567 non
2089 1503 2322 1568 debet.'
2382 1501 2658 1567 Omnino
2728 1502 2901 1565 enim

519 1613 710 1695 puto,
773 1608 1067 1674 dativum
1113 1630 1234 1687 ⁴(rot
1299 1628 1434 1673 esse
1497 1608 1907 1673 scribendum·
1968 1610 2049 1674 iis
2110 1608 2267 1673 locis
2290 1658 2305 1687 ,
2373 1614 2446 1673 ut
2502 1609 2609 1673 hic
2654 1606 2790 1672 illic
2834 1608 2903 1671 in

514 1717 670 1799 ipsis
731 1712 924 1781 codd.
989 1713 1264 1801 legitur,
1316 1734 1372 1779 e.
1419 1736 1485 1801 g.
1535 1722 1586 1777 E
1641 1713 1801 1793 115,
1855 1724 1902 1779 Κ
1956 1713 2121 1793 278;
2172 1734 2375 1800 neque
2422 1712 2723 1780 credibile
2769 1720 2903 1789 est.

515 1842 594 1887 ex
640 1841 760 1886 usu
807 1819 1224 1885 recentiorum
1277 1825 1611 1905 poetarum
1659 1822 1727 1885 in
1769 1825 2015 1886 textum
2042 1820 2460 1886 Homericum
2487 1819 2743 1886 illatum
2771 1839 2903 1884 esse

513 1925 680 1993 illud
722 1950 864 2002 μοι,
913 1926 1079 2011 quod
1126 1925 1452 1991 contendit
1496 1925 1883 2003 Larochiu33
1924 1927 2218 1992 videmus
2266 1928 2436 1991 enim
2481 1932 2759 1991 metrum
2799 1945 2901 2001 μοι

515 2031 853 2099 admittere
873 2080 888 2109 ‚
941 2052 1232 2118 respuere
1279 2056 1419 2109 μευ.

608 2137 762 2203 Loci
809 2142 1022 2203 autem
1046 2186 1062 2216 ,
1110 2139 1218 2203 ubi
1272 2140 1577 2204 vitiosum
1628 2137 1794 2204 illud
1836 2137 2096 2204 κέκλυτέ
2138 2163 2258 2217 μευ
2296 2138 2570 2226 legitur,
2608 2139 2678 2203 hi
2719 2142 2905 2205 sunt:

515 2253 562 2308 Γ
629 2242 753 2319 86,
821 2243 990 2329 304,
1055 2243 1223 2322 456,
1301 2253 1354 2309 Η
1420 2242 1542 2323 67,
1607 2243 1775 2328 348,
1842 2242 2011 2321 368,
2084 2255 2136 2309 Θ
2219 2245 2295 2329 5,
2368 2242 2535 2323 497,
2603 2253 2663 2310 Τ
2738 2244 2905 2329 101,

517 2349 566 2427 β
629 2349 750 2427 25,
811 2348 978 2428 161,
1044 2348 1220 2435 229,
1285 2375 1321 2415 κ
1392 2348 1556 2435 189,
1619 2376 1666 2425 μ
1732 2348 1893 2429 340,
1957 2376 1987 2430 ρ
2038 2348 2204 2434 370,
2255 2348 2423 2434 468,
2474 2375 2509 2414 o·
2561 2348 2684 2429 43,
2735 2347 2907 2434 351,

517 2480 550 2520 υ
600 2454 768 2540 292,
818 2460 873 2536 Φ
923 2454 1050 2532 68,
1104 2456 1273 2540 275,
1323 2480 1365 2519 ω
1415 2454 1586 2541 443,
1635 2456 1786 2520 454.

606 2578 990 2645 Paucissimi
1051 2580 1156 2664 qui
1225 2585 1564 2664 supersunt
1612 2599 1832 2645 versus
1876 2583 2127 2644 nostrae
2170 2576 2429 2665 regulae
2474 2583 2902 2667 repugnantes

515 2684 770 2752 facilem
818 2685 1054 2752 habent
1100 2685 1648 2750 emendationem:

609 2817 660 2872 A
717 2804 884 2872 273:
936 2807 1042 2872 καὶ
1092 2805 1208 2884 μέν
1254 2831 1404 2884 μευ
1453 2805 1817 2885 βουλέων
1866 2805 2060 2882 ξύνιεν
2103 2804 2377 2872 πείθοντό
2399 2831 2467 2870 τε
2494 2805 2681 2887 μύθῳ.
2731 2805 2907 2894 Lege

519 2913 622 2977 καὶ
685 2913 796 2990 μὲν
862 2912 1146 3000 βουλέων
1205 2914 1414 2979 deleto
1476 2915 1679 2979 otioso
1744 2938 1901 2992 μευ,
1964 2917 2059 2979 ita
2112 2918 2187 2978 ut
2232 2913 2431 2979 simul
2478 2915 2798 2998 antiquior
2844 2917 2908 2978 et

521 3017 710 3107 longe
757 3021 1142 3105 frequentior
1188 3021 1393 3086 forma
1439 3021 1712 3108 genitivi
1759 3019 2028 3106 pluralis
2074 3022 2142 3084 in
2190 3029 2345 3084 -οῑων
2391 3022 2787 3085 restituatur.

608 3149 666 3205 T
723 3139 886 3207 137:
939 3143 1086 3207 ἀλλ’
1131 3141 1260 3206 ἐπεὶ
1309 3141 1612 3218 ducatum
1652 3141 1763 3206 καί
1802 3166 1955 3219 μευ
1985 3139 2225 3232 ,φρένας
2264 3138 2508 3218 ἐξέλετο
2534 3141 2710 3217 Ζεύς.
2734 3140 2909 3229 Lege

518 3248 626 3312 καί
671 3271 768 3324 lla-⁸
818 3246 1046 3328 φρένας
1097 3246 1340 3323 ἐξέλετο
1391 3247 1544 3319 Ζεύς
1600 3247 1794 3332 (quod
1844 3247 2308 3313 Laurentianus
2354 3246 2411 3312 D
2460 3247 2757 3332 exhibet).

609 3377 668 3433 Ψ
736 3367 860 3433 70:
930 3369 996 3433 ού
1055 3367 1170 3447 μέν
1217 3393 1362 3444 μευ
1410 3368 1654 3449 ζώοντος
1706 3366 1999 3452 ἀκήδεες,
2048 3370 2223 3434 ἀλλὰ
2273 3368 2572 3442 θανόντος.
2626 3369 2799 3458 Lege
2843 3370 2909 3435 οὖ

517 3475 630 3552 μὲν
689 3474 938 3556 ζώοντός
1010 3478 1113 3553 με’
1175 3476 1432 3551 ἀκήδει-ες
1482 3475 1658 3539 αλλὰ
1707 3473 2025 3548 θανόντος,
2076 3495 2201 3560 qua
2249 3477 2589 3542 verborum
2638 3475 2907 3542 colloca-

516 3583 688 3648 tione
749 3602 938 3647 suum
1006 3582 1132 3646 sibi
1195 3581 1408 3647 locum
1473 3585 1803 3716 recuperat
1850 3580 2261 3667 participium
2309 3579 2594 3662 ζώοντος,
2642 3602 2791 3648 cum
2840 3583 2907 3647 vi

511 3687 1088 3772 pronunciandum.

603 3835 633 3874 ε
686 3809 857 3875 311:
909 3811 991 3888 τῷ
1044 3807 1389 3889 κ’ἔλοιχον
1433 3807 1684 3889 κτερέων
1724 3809 1833 3874 καί
1873 3833 2026 3886 μευ
2065 3791 2300 3880 κλέος’ρ
2264 3830 2412 3886 ηγον
2437 3808 2709 3887 ’.Αχιιιοί
2736 3807 2909 3894 Lege

516 3915 621 3980 και)
671 3916 816 3994 ἐμὸν
858 3914 1054 3988 κλέος.
1104 3915 1272 3982 Item
1319 3940 1336 3981 ι
1379 3913 1503 3981 2οτ
1549 3915 1903 3997 ανθρώποισι
1947 3917 2117 4005 μέλω
2159 3915 2271 3980 καί
2307 3938 2457 3994 μευ
2507 3912 2680 3986 κλέος
2731 3914 2911 3994 οὖροι-

516 4024 608 4088 νὸν
655 4018 794 4088 ἵκει.
871 4021 1046 4110 Lege
1092 4021 1196 4087 καὶ
1253 4021 1395 4098 ἐμὸν
1451 4020 1645 4095 κλέος.

606 4167 644 4211 κ
691 4143 856 4210 485.
909 4139 972 4210 οἵ
1009 4167 1160 4221 μευ
1206 4144 1553 4225 φθινύθουσι
1607 4144 1793 4226 φίλον
1842 4151 1969 4223 κῆρ.
2019 4143 2193 4231 Lege
2242 4167 2293 4208 οι
2343 4143 2489 4220 ἐμὸν
2535 4109 2647 4226 Φθ.

608 4286 636 4328 ο
683 4261 967 4331 467201
1002 4289 1154 4344 μευ
1204 4263 1427 4344 πατέρ’
1478 4265 1931 4346 ἀμφεπένοντο.
1981 4264 2155 4353 Lege
2203 4288 2251 4331 οι
2302 4264 2447 4342 ἐμὸν
2496 4288 2567 4330 π.

517 4367 791 4436 Ultimis
853 4379 1067 4437 tamen
1133 4371 1381 4439 duobus
1441 4370 1598 4438 locis
1663 4374 1860 4438 etiam
1910 4395 2042 4449 μοι
2089 4371 2223 4460 legi
2268 4376 2516 4458 potest,
2563 4385 2909 4458 utrumque
