3436 5161
1404 348 1666 401 oAssms
1709 350 1840 400 nro.
2689 332 2820 400 341

432 512 669 579 damno
726 510 1027 579 foliorum
1090 512 1335 600 aliquot
1393 517 1462 580 in
1516 512 1753 582 Veneto
1797 518 1966 582 inter
2015 512 2122 601 57,
2174 514 2236 601 7,
2285 516 2330 581 2
2377 522 2442 582 et
2491 515 2578 581 58
2599 564 2617 599 ,
2673 516 2736 593 7,
2785 515 2828 581 2

431 624 500 684 et
570 618 693 697 59,
774 617 901 703 25,
968 619 1003 684 l
1068 624 1135 685 et
1197 618 1321 698 60,
1384 617 1465 698 2,
1538 622 1572 686 1
1638 624 1990 707 intercepta
2052 628 2298 699 essent,
2367 622 2516 688 inde
2583 624 2830 687 iactum

430 742 567 791 esse
627 730 703 791 ut
746 726 815 790 in
860 724 1151 791 Mediceo
1200 736 1243 789 B
1288 725 1453 792 liber
1500 722 1584 792 57
1633 748 1778 794 cum
1831 727 1950 806 58,
1997 729 2352 815 itidemque
2402 728 2487 795 59
2537 748 2686 795 cum
2737 728 2826 794 60

429 832 855 919 coniungatur
871 877 889 909 ,
922 830 1335 917 -ultimusque
1382 832 1545 898 liber
1590 836 2030 921 sexagesimus
2079 833 2165 899 58
2211 834 2420 901 factus
2466 839 2573 901 sit.
2731 846 2738 851 ’

520 936 822 1023 Superest
880 940 957 1001 ut
1016 936 1227 1003 dicam
1277 938 1355 1003 de
1403 938 1722 1024 capitibus
1771 938 2040 1005 17-28
2085 939 2236 1006 libri
2285 939 2372 1006 60
2391 991 2408 1026 ,
2458 962 2536 1007 ex
2584 943 2822 1028 quibus

427 1064 598 1111 nunc
630 1044 890 1129 quidem
926 1046 993 1109 in
1041 1041 1283 1110 Veneto
1326 1043 1530 1129 (foliis
1578 1043 1712 1111 250
1762 1052 1828 1112 et
1875 1046 2036 1133 251)
2085 1054 2422 1132 supersunt
2467 1052 2723 1113 tantum
2765 1068 2817 1113 c.

428 1148 555 1228 20,
606 1148 865 1235 2-22,
913 1148 959 1215 2
996 1154 1061 1216 et
1106 1147 1228 1227 26,
1278 1148 1538 1229 2-28,
1592 1152 1654 1216 3.
1704 1148 1969 1218 Certum
2015 1158 2233 1219 tamen
2258 1159 2355 1218 est
2376 1152 2817 1219 MediceumB

428 1274 592 1342 quae
634 1257 829 1323 habet
874 1278 928 1322 c.
981 1254 1088 1340 17,
1138 1255 1396 1334 8-20,
1449 1254 1489 1320 2
1536 1263 1603 1323 et
1638 1256 1764 1336 22,
1807 1257 2072 1333 2-26,
2115 1256 2159 1324 2
2198 1280 2278 1325 ex
2317 1258 2655 1344 Xiphilino
2695 1280 2820 1325 non

294 1352 297 1355 ⁴
427 1361 715 1429 hausisse
776 1364 891 1448 qui
938 1383 1000 1449 p.
1070 1360 1223 1441 177,
1271 1360 1621 1442 30-1‘78,
1676 1361 1761 1429 18
1809 1368 1876 1431 et
1923 1384 1985 1449 p.
2039 1363 2210 1442 178,
2260 1362 2616 1443 24-179,
2665 1366 2706 1429 8
2753 1367 2821 1429 in

430 1468 687 1535 brevius
741 1468 900 1534 haec
956 1470 1355 1535 contraxerit.
1443 1468 1587 1534 Imo
1649 1490 1798 1535 cum
1861 1488 2022 1555 quae
2085 1471 2186 1535 his
2251 1471 2569 1556 capitibus
2621 1472 2820 1534 conti-

426 1579 699 1641 neantur
742 1574 821 1641 ad
868 1575 1179 1640 amussim
1224 1577 1433 1659 priora
1479 1574 1633 1641 folio
1678 1596 1808 1641 uno
1827 1623 1845 1653 ,
1893 1578 2239 1662 posteriora
2285 1575 2534 1640 duobus
2583 1576 2817 1641 codicis

426 1678 657 1747 Veneti
714 1680 1134 1766 respondeant
1178 1700 1381 1767 neque
1426 1667 1768 1767 quicquam
1817 1684 1886 1745 in
1930 1684 2014 1746 iis
2059 1683 2426 1747 inveniatur
2472 1680 2641 1766 quod
2688 1700 2813 1746 non

424 1806 680 1872 prorsus
735 1785 1054 1853 Dioneum
1118 1788 1205 1853 sit
1222 1835 1241 1871 ,
1300 1785 1405 1852 his
1458 1788 1667 1853 tribus
1727 1787 1900 1853 foliis
1961 1787 2290 1855 Venetum
2355 1807 2479 1872 quo
2531 1791 2818 1871 tempore

422 1892 754 1961 Mediceus
793 1904 839 1959 Β
878 1913 957 1960 ex
1004 1912 1079 1961 eo
1124 1894 1475 1978 descriptus
1524 1898 1621 1959 est
1642 1894 1926 1960 noudum
1953 1896 2230 1959 caruisse
2256 1892 2668 1959 manifestum
2698 1899 2815 1958 est.

516 1998 739 2066 Talem
776 2002 984 2087 igitur
1018 2019 1167 2065 cum
1218 2019 1285 2065 se
1328 1998 1609 2065 Medicei
1646 2011 1689 2063 Β
1733 2000 2034 2065 librarius
2073 2002 2142 2064 in
2176 1999 2424 2065 lacunis
2465 2018 2543 2065 ex
2582 1998 2816 2085 Xiphi-

423 2104 559 2173 lino
604 2104 931 2191 explendis
976 2105 1403 2191 praestiterit,
1450 2108 1517 2170 in
1556 2107 1739 2171 vitiis
1778 2106 2167 2193 corrigendis
2209 2125 2356 2171 eum
2372 2102 2520 2190 'pari
2549 2103 2814 2169 audacia

422 2217 489 2279 et
532 2211 799 2279 levitate
843 2230 1036 2277 usum
1082 2230 1217 2277 eme
1261 2231 1385 2276 non
1433 2211 1830 2277 mirabimur.
1893 2211 2183 2287 Quarum
2223 2206 2811 2277 infelicissimarum

419 2318 773 2385 lectionum
816 2315 1181 2384 Dindorfius
1225 2318 1296 2381 in
1339 2316 1728 2402 praefatione
1773 2322 2021 2382 tantam
2072 2318 2322 2402 copiam
2370 2316 2691 2402 congessit
2737 2320 2812 2379 ut

422 2424 585 2493 alias
628 2428 887 2509 insuper
932 2423 1159 2490 addere
1202 2422 1314 2489 vix
1358 2442 1519 2507 opus
1564 2424 1650 2488 sit
1667 2472 1684 2507 ,
1734 2442 1850 2487 nec
1896 2428 2112 2487 tamen
2157 2422 2276 2486 hoc
2327 2440 2582 2485 monere
2621 2422 2814 2485 omit-

422 2538 560 2599 tam
606 2531 892 2599 eiusdem
939 2530 1221 2597 hominis
1262 2526 1563 2594 futilitati
1608 2533 1675 2594 et
1720 2526 2078 2616 corrigendi
2127 2527 2446 2614 prurigini
2483 2546 2558 2592 ea
2598 2525 2812 2591 deberi

421 2659 585 2725 quae
646 2641 783 2705 sine
842 2636 979 2703 ulla
1038 2655 1228 2703 causa
1246 2681 1263 2706 ‚
1324 2636 1648 2701 interdum
1723 2637 1917 2701 etiam
1983 2653 2132 2700 cum
2203 2636 2390 2721 gravi
2463 2634 2812 2698 sententiae

421 2744 809 2812 detrimento
870 2747 941 2809 in
1000 2743 1291 2810 Mediceo
1350 2746 1603 2808 mutata
1662 2743 2103 2820 inveniuntur.
2188 2737 2390 2807 Cuius
2450 2741 2542 2806 rei
2589 2742 2808 2804 statim

419 2849 573 2918 libri
632 2849 723 2916 42
778 2851 966 2916 initio
1028 2850 1365 2935 conspicua
1424 2853 1575 2913 sunt
1630 2845 1946 2932 exempla.
2045 2844 2274 2932 Capite
2327 2846 2362 2911 1
2391 2893 2408 2924 ‚
2457 2845 2501 2911 2
2561 2846 2704 2911 τότε
2752 2846 2816 2911 δὲ

422 2958 637 3038 πολλῷ
694 2960 803 3022 τοῦ
866 2955 1169 3036 Καίσαρος
1232 2955 1629 3036 περισχῆσειν
1692 2953 2052 3026 ἐλπίσας
2119 2953 2175 3040 (ὃ
2241 2952 2594 3040 Πομπήιος)
2650 2952 2815 3018 οὐδὲν

422 3062 765 3144 προείδετο,
830 3062 1097 3136 ἐλπίσας
1162 3063 1441 3128 mutavit
1498 3062 1566 3125 in
1615 3058 1795 3125 δοκῶν
1813 3079 1832 3138 ,⁰
1881 3063 2027 3144 post
2076 3079 2282 3144 pauca
2331 3061 2368 3144 ᾖ
2422 3056 2462 3122 3
2504 3079 2618 3142 pro
2663 3066 2816 3140 τρῖ-

418 3169 581 3248 ψαί
638 3193 711 3234 τε
774 3167 1035 3241 δυνηθεὶς
1097 3164 1177 3231 ἂν
1226 3166 1313 3232 τὰ
1358 3163 1720 3250 πράγματα
1765 3165 2113 3231 absurdum
2169 3163 2326 3242 πέψ
2344 3187 2426 3229 αι
2475 3165 2816 3230 substituit

421 3275 619 3361 (quod
675 3275 747 3340 in
805 3274 1071 3360 reliquis
1129 3271 1453 3338 codicibus
1515 3290 1699 3357 porro
1761 3273 1832 3335 in
1893 3268 2147 3350 πέμψαι
2224 3275 2596 3356 corruptum
2669 3272 2815 3356 est).

418 3379 567 3448 Non
622 3379 871 3466 placuit
926 3378 1239 3444 ultimum
1300 3375 1682 3444 vocabulum
1754 3399 1808 3441 c.
1872 3373 1918 3440 2
1935 3421 1953 3453 ,
2024 3377 2057 3442 1
2125 3375 2228 3441 διὰ
2286 3375 2401 3454 μὲν
2467 3375 2536 3448 δὴ
2600 3379 2814 3442 ταῦτα

422 3485 531 3552 καὶ
591 3484 623 3550 ὅ
686 3485 1004 3564 Πομπήιος
1040 3517 1107 3532 --
1142 3481 1247 3548 καὶ
1310 3480 1545 3561 γυμνὸς
1606 3481 1711 3546 κα)
1775 3478 2106 3563 ἄφρακτος
2169 3505 2198 3546 ε
2218 3482 2342 3563 ὑμέ
2364 3481 2393 3546 θ
2413 3507 2446 3557 n
2466 3529 2485 3565 ,
2533 3484 2816 3567 reposuit

422 3591 793 3671 ἒγένετο,
840 3596 908 3658 et
952 3589 1173 3657 eodem
1216 3587 1409 3654 modo
1452 3608 1509 3653 c.
1563 3586 1683 3665 10,
1733 3587 1778 3653 2
1827 3597 2228 3669 παραχρῆμα
2275 3607 2390 3672 pro
2453 3589 2814 3667 παραυτίκα

420 3698 590 3786 quod
646 3717 903 3784 prorsus
961 3696 1136 3762 idem
1198 3691 1537 3781 significat.
1621 3691 1696 3757 L.
1764 3692 1854 3757 44
1874 3740 1892 3772 ‚
1949 3693 1992 3758 4
2019 3743 2035 3770 ,
2090 3691 2130 3757 3
2176 3693 2373 3760 verba
2421 3691 2524 3757 ἐπὶ
2576 3693 2814 3766 κέλητα

418 3803 677 3892 (leviter
720 3804 1137 3890 depravatum
1183 3820 1262 3866 ex
1303 3798 1405 3864 ἐπὶ
1450 3798 1742 3884 κέλητος)
1791 3819 1958 3884 quae
2003 3819 2130 3864 non
2180 3796 2602 3885 intellegebat
2619 3847 2637 3881 ,
2685 3817 2815 3864 cor-

418 3914 583 3977 rexit
628 3909 873 3976 scilicet
916 3910 984 3972 in
1028 3906 1357 3981 ’ἐπίκληο-ιν
1398 3903 1784 3979 vocabulum
1833 3905 1990 3970 bene
2040 3901 2358 3971 Graecum
2414 3903 2523 3968 sed
2569 3903 2648 3968 ab
2694 3904 2813 3970 hoc
2954 3991 2959 3997 ἱ

417 4015 559 4083 loco
618 4015 919 4082 alienum.
1009 4012 1261 4088 Ultimo
1320 4010 1486 4076 mihi
1548 4009 1840 4097 exemplo
1907 4014 2038 4076 sint
2103 4010 2298 4076 verba
2349 4009 2434 4075 42
2457 4057 2474 4088 ‚
2525 4007 2612 4076 30
2630 4060 2647 4092 ,
2699 4008 2731 4073 1
2785 4003 2813 4074 ὃ

418 4121 761 4201 μηπώποτε
818 4120 961 4200 πρὸς
1025 4117 1351 4198 ἱππάρχου
1418 4116 1693 4195 ἐγεγόνει
1744 4117 1988 4201 (narrat
2031 4115 2159 4181 Dio
2208 4117 2560 4182 Antonium
2608 4119 2812 4210 magi-

417 4233 627 4294 strum
670 4229 965 4313 equitum
1010 4224 1085 4290 L.
1136 4221 1471 4290 Gaesarem
1508 4222 1655 4287 urbi
1702 4221 2139 4309 praefecisse),
2181 4226 2476 4309 corrupta
2516 4225 2586 4287 in
2625 4217 2652 4286 ὃ
2693 4246 2818 4302 μη-

416 4333 671 4400 πώποτε
714 4334 798 4415 τῷ
846 4329 1149 4413 ἱππάρχην
1194 4329 1443 4408 ἐξουσία
1488 4335 1679 4394 ποιεῖν
1727 4325 1814 4404 ἦν.
1965 4423 1971 4428 Δ

509 4437 690 4506 Haec
748 4439 863 4525 qui
919 4435 1327 4524 perpenderit
1343 4480 1362 4513 ,
1419 4435 1652 4520 quibus
1701 4437 1996 4500 sexcenta
2041 4432 2171 4499 alia
2216 4432 2366 4499 addi
2411 4436 2675 4518 possunt
2690 4481 2708 4515 ,
2755 4437 2817 4499 ei

2447 4553 2513 4604 22
