3436 5161
1348 354 1434 425 41>
1483 352 1833 419 nepueu.
2658 332 2783 399 187

396 518 791 607 probandum
851 523 1140 603 putasse,
1207 518 1371 582 mihi
1433 536 1614 584 secus
1672 518 1960 597 videtui-3
2018 517 2294 585 latinum
2344 523 2442 587 est
2492 521 2783 599 μίκτο,

397 624 601 693 facere
637 625 882 711 aliquid
933 625 1196 691 arbitrio
1245 623 1432 691 meo”
1471 625 1579 689 sed
1615 644 1716 690 res
1740 630 1836 691 est
1866 626 2158 704 „arbitrii
2181 625 2374 693 mei”.
2404 664 2487 675 —-
2516 624 2788 709 Carmen

400 730 440 796 9
482 729 670 819 (,Scis
709 732 882 818 iter’)
930 735 1026 797 est
1072 737 1326 816 poetae,
1380 732 1514 798 sive
1562 731 1809 796 Tibulli
1856 734 1993 799 sive
2022 731 2200 825 'alius
2215 781 2233 813 ,
2282 733 2360 799 ad
2409 731 2787 800 Corinthum

399 839 476 905 de
541 840 642 905 die
701 838 901 905 natali
965 838 1319 925 Sulpiciam
1373 841 1422 903 si
1472 840 1628 905 haec
1675 837 1995 925 Sulpiciae
2044 842 2166 926 ipsi
2214 840 2569 925 adscribas,
2618 842 2787 907 into-

394 944 676 1012 lerabilis
723 947 1122 1033 arrogantiae
1167 950 1318 1011 sunt
1364 948 1636 1011 extremi
1669 962 1938 1017 ⁸versus:

861 1052 1160 1117 omnibus
1207 1050 1322 1117 ille
1368 1051 1502 1118 dies
1551 1052 1734 1118 nobis
1779 1051 2013 1119 natalis
2058 1060 2289 1140 agatur
2307 1101 2323 1132 ‚

945 1159 1057 1244 qui
1103 1159 1504 1242 necopinanti
1549 1178 1718 1223 nunc
1764 1160 1887 1224 tibi
1932 1159 2093 1225 forte
2138 1160 2335 1225 venit.

396 1263 619 1349 Itaque
664 1284 726 1331 v.
778 1262 822 1328 2
860 1263 1267 1331 scribendum
1306 1286 1412 1329 suo
1456 1259 1733 1352 (puellae
1773 1264 1924 1331 licet
1962 1284 2079 1331 suo
2116 1262 2316 1331 natali
2340 1264 2581 1333 Romae
2604 1266 2784 1351 esse).

489 1442 578 1512 M.
627 1446 968 1514 Decembri
1020 1445 1216 1523 1884,
1968 1444 2037 1514 O.
2088 1446 2185 1512 M.
2234 1446 2604 1514 Fumoxm.

1113 2121 1202 2169 Am
1248 2118 1460 2169 raom
1505 2120 1741 2167 mmm.
1788 2120 1901 2167 κη.
1952 2100 2055 2166 38.

483 2306 785 2374 Manuos.
845 2306 930 2373 N.
989 2305 1055 2371 Β.
1121 2304 1282 2371 XII.
1344 2326 1406 2391 p.
1472 2302 1640 2383 225,
1703 2302 1917 2372 locum
1980 2310 2349 2391 corruptum
2414 2328 2485 2381 ac
2545 2306 2613 2370 m·
2658 2305 2778 2371 cito

391 2413 626 2477 nunciis
685 2436 757 2478 ex
817 2413 1080 2478 cautem-2
1127 2416 1422 2498 proximis
1481 2416 1822 2477 subventum
1869 2412 2041 2498 foret
2100 2417 2397 2496 copiarum
2453 2411 2775 2489 obsidioni,

393 2518 792 2584 occubuissent
854 2516 1190 2585 emendare
1249 2518 1493 2586 tentavi
1556 2518 1883 2584 inserendo
1930 2518 2128 2583 mucis
2169 2519 2336 2582 inter
2378 2516 2665 2602 proximis
2714 2520 2779 2582 et.

392 2629 756 2690 eumenium.
827 2625 1079 2691 Monuit
1126 2645 1231 2690 me
1275 2645 1477 2709 nuper
1524 2646 1587 2689 v.
1637 2623 1698 2688 d.
1753 2622 2151 2688 Bnuznnm
2170 2671 2186 2700 ,
2238 2620 2579 2710 Gymnasii
2624 2621 2777 2687 Sne-

393 2733 535 2796 cani
591 2741 943 2815 com-ector,
991 2751 1103 2816 per
1149 2729 1485 2816 epistolam
1535 2729 1997 2795 humanissime
2042 2730 2345 2814 scriptam
2366 2775 2383 2806 ,
2433 2747 2662 2794 nomen
2707 2729 2777 2792 in

392 2875 482 2886 ——
529 2839 585 2900 ie
630 2839 843 2903 exiens
861 2888 878 2911 ,
928 2845 1152 2922 quater
1195 2839 1538 2922 repetitum
1562 2884 1578 2915 ‚
1625 2837 1778 2922 quia
1816 2855 1999 2902 aures
2034 2854 2160 2900 non
2198 2835 2431 2901 leviter
2468 2833 2740 2902 offendat
2758 2883 2776 2918 ‚

393 2941 612 3008 Tacito
672 2933 940 3008 minime
1001 2942 1469 3008 obtrudendum
1533 2963 1686 3008 esse.
1774 2941 1947 3009 Vera
2005 2961 2137 3008 esse
2193 2962 2353 3027 quae
2396 2943 2630 3008 obiecit
2676 2943 2779 3008 vir

393 3047 834 3138 doctissimus.
860 3046 1044 3113 facile
1092 3068 1383 3136 agnosco.
1455 3045 1637 3124 Quod
1683 3057 1899 3115 tamen
1914 3098 1929 3126 ‚
1985 3047 2349 3114 dubitanter
2396 3067 2543 3114 sane
2561 3095 2577 3123 ‚
2627 3067 2777 3113 con-

387 3155 539 3221 iecit
585 3156 850 3233 nuntiis,
898 3159 1228 3242 tamquam
1277 3156 1779 3243 dittographiam
1820 3155 2330 3242 praecedentium
2369 3174 2479 3221 vv.
2518 3155 2587 3218 αἱ
2624 3160 2739 3218 cito
2759 3200 2776 3233 ,

389 3260 881 3348 expungendum
931 3279 1064 3327 esse
1109 3281 1233 3347 non
1282 3261 1493 3351 magis
1541 3261 1704 3326 mihi
1753 3260 1959 3346 placet
2004 3281 2197 3346 quam
2243 3261 2412 3346 quod
2454 3261 2591 3346 ipse
2630 3279 2775 3344 pro-

389 3366 536 3432 tuli.
625 3365 1032 3432 Probabilius
1091 3369 1388 3434 existimo
1450 3367 1744 3434 Tacitum
1810 3369 2135 3453 scripsisse
2204 3390 2275 3432 ac
2338 3371 2409 3430 m·
2477 3371 2638 3431 ocia-9
2706 3387 2779 3430 ea·
2883 3401 2892 3410 ·

390 3473 652 3537 castellis
687 3473 983 3555 proximis
1028 3497 1076 3541 ε.
1115 3475 1182 3561 f.
1237 3513 1314 3524 -
1363 3471 1492 3541 Vv.
1542 3480 1611 3539 m·
1655 3475 1805 3553 cito,
1856 3480 2185 3560 tamquam
2234 3471 2554 3562 glossema
2574 3467 2597 3550 ,’
2640 3491 2777 3537 ma-

393 3577 651 3666 gistello
697 3586 882 3644 erunt
923 3578 1259 3646 reddenda.
1306 3579 1402 3648 Ex
1445 3563 1486 3649 ἦ
1526 3582 1687 3647 ocius
1713 3579 1903 3647 -facili
1942 3583 2198 3666 negotio
2236 3585 2456 3664 πῦσιῗο,
2500 3579 2774 3657 nunciis,

389 3683 624 3748 nuntiis
669 3685 821 3750 oriri
865 3687 1093 3771 potuit.

2302 3790 2364 3857 J.
2409 3789 2470 3856 J.
2520 3787 2594 3857 Ο.
