3436 5161
1254 390 1529 441 run-me
1575 392 1910 441 sosnrrms.
2647 374 2778 442 393

392 553 621 635 ἡμέραν
671 557 699 621 ό
748 558 988 636 πατήρ,
1050 555 1293 638 φθάσαι
1343 558 1391 623 δ’
1445 556 1521 623 ἀν
1566 556 1753 639 τάχα
1804 557 1908 623 καὶ
1958 567 2590 634 ΤΕΛΕΤΤΗΣΑΣ,
2642 558 2778 639 πρὶν

388 658 690 741 ἄρξασθαι
735 662 1073 740 βασιλείας
1123 666 1381 740 ἀληθοῦς
1403 715 1420 749 ,
1470 685 1621 730 nam
1669 663 1915 747 φθάσαι
1955 664 2314 733 infinitivus
2348 665 2454 731 hic
2496 672 2626 750 est,
2652 687 2776 732 nou

388 770 728 854 optativus.
786 769 959 837 Hine
1004 771 1171 856 quod
1213 778 1356 856 poet
1396 772 1585 838 breve
1617 771 2031 839 intervallum
2073 775 2395 857 sequitur:
2421 775 2773 855 ἀφῃρῆσθαι

387 874 449 939 δὲ
496 877 741 941 αύτὸν
792 878 905 943 ὑπὸ
955 884 1060 943 τοῦ
1110 879 1341 957 πατρὸς
1391 880 1493 942 καὶ
1545 881 1655 953 την
1696 880 1794 943 ἐπὶ
1837 878 2064 949 τέκνοις
2105 878 2374 955 ἐλπίδα,
2405 878 2576 945 malo
2601 882 2776 965 equi-

388 980 534 1046 dem
601 982 845 1057 αὖτὸς
910 984 1267 1049 rescribere.
1344 984 1593 1071 Nempe
1652 987 2080 1071 syntacticum
2139 984 2374 1050 vitium
2423 1003 2546 1050 non
2595 992 2776 1051 curat

386 1083 731 1173 Josephus,
800 1090 987 1155 modo
1036 1090 1363 1176 perspicue
1409 1092 1643 1157 scribat
1691 1098 1756 1157 et
1804 1092 1930 1157 duo
1978 1089 2102 1156 loci
2151 1111 2307 1175 quos
2353 1110 2544 1175 supra
2591 1092 2776 1177 poeni

388 1192 670 1279 aliquam
718 1200 1189 1263 exeusationem
1237 1196 1510 1281 habent,
1572 1198 1681 1263 sed
1728 1199 1926 1262 etiam
1969 1196 2226 1285 longius
2271 1202 2367 1261 eet
2405 1217 2775 1284 progressus

386 1298 465 1365 B.
510 1298 571 1366 J.
622 1300 682 1369 5.
735 1300 797 1367 9.
841 1301 917 1379 3,
968 1306 1080 1369 ubi
1126 1304 1318 1369 refert
1366 1304 1681 1389 quomodo
1727 1305 1862 1389 ipse
1908 1306 2158 1370 civibus
2207 1309 2426 1371 auctor
2469 1303 2664 1371 fuerit
2701 1311 2776 1371 ut

385 1428 453 1471 ee
499 1406 805 1475 Romanis
852 1409 1185 1475 dederent:
1252 1410 1355 1474 καὶ
1418 1416 1519 1475 νῦν
1583 1410 1870 1487 Καίσαρα
1921 1408 2254 1488 βούλεσθαι
2306 1407 2512 1485 δεξιάν
2561 1411 2769 1484 αὐτοῖς

387 1522 765 1594 παρασχεῖν·
810 1518 877 1581 οὐ
924 1516 1053 1595 γὰρ
1097 1516 1173 1584 ἂν
1220 1516 1418 1581 σῶσαί
1462 1539 1599 1579 τινα
1646 1516 1766 1597 βία
1815 1524 2124 1582 ΛΑΒΩΝ
2174 1518 2284 1590 την
2331 1515 2526 1581 πόλιν.
2599 1516 2774 1581 Alibi

383 1639 508 1684 non
556 1619 826 1685 dubium
874 1628 969 1686 est
988 1671 1005 1706 ,
1055 1625 1210 1707 quin
1254 1620 1663 1693 librariorum
1713 1643 1950 1688 errores
1994 1642 2107 1687 nos
2155 1620 2580 1688 ludificentur.
2651 1622 2776 1689 Ve-

384 1722 511 1789 luti
569 1726 791 1811 Antiq.
846 1726 951 1793 14.
1005 1732 1061 1791 1.
1112 1727 1157 1792 2
1218 1735 1316 1793 est
1374 1749 1525 1793 sane
1587 1746 1851 1794 verum:
1919 1728 2019 1793 ἐπὶ
2085 1730 2170 1808 τῷ
2235 1728 2598 1805 βασιλεύειν
2659 1728 2772 1805 μὲν

385 1831 849 1911 Ἀριςόβουλον,
905 1834 1155 1905 αὐτὸς
1202 1833 1265 1899 δὲ
1314 1832 1423 1915 ζῆν
1470 1833 1932 1913 ἀπραγμόνως,
1975 1834 2546 1915 καρπούμενος
2583 1836 2770 1909 ἀδεῶς

384 1940 493 2015 τήν
554 1938 959 2019 ὑπάρχουσαν
1021 1941 1189 2021 αὐτῷ
1254 1948 1506 2019 κτῆσιν,
1554 1960 1679 2007 11011
1729 1942 1975 2005 αὐτὸν
2023 1976 2113 1989 -·
2159 1941 2770 2021 καρπούμενον,

382 2047 575 2111 sicuti
635 2052 807 2111 reete
866 2045 1108 2134 legitur
1167 2048 1391 2132 Antiq.
1438 2046 1501 2112 2.
1556 2048 1661 2112 14.
1713 2047 1792 2114 5:
1858 2054 2126 2122 Μωυσῆς
2178 2047 2240 2112 δὲ
2287 2049 2394 2113 οὐκ
2442 2046 2535 2111 ἔτι
2585 2048 2774 2119 αὐτὸς

381 2154 738 2227 ποιήσεσθαι
805 2158 936 2232 περὶ
996 2153 1224 2218 τούτων
1270 2153 1493 2232 λόγους
1542 2154 1810 2236 ἔφησεν,
1862 2154 2047 2219 αὐτὸν
2095 2153 2156 2219 δὲ
2209 2155 2429 2219 ἐκεῖνον
2478 2177 2771 2233 παρακα-

382 2258 581 2323 λέσειν
628 2266 753 2330 τοῖς
802 2259 1115 2339 Ἑβραίοις
1162 2260 1475 2324 ἀπελθεῖν.
1525 2256 1902 2347 Corrigendi
1941 2267 2092 2325 sunt
2130 2268 2452 2345 praeterea
2495 2259 2618 2325 loci
2659 2260 2770 2344 qui

381 2366 796 2431 inveniuntur
842 2365 1066 2451 Antiq.
1122 2366 1227 2432 14.
1282 2366 1387 2433 15.
1438 2366 1476 2433 7
1524 2372 1591 2431 et
1642 2366 1746 2431 16.
1797 2364 1860 2431 9.
1912 2364 1992 2451 3,
2040 2364 2156 2431 alii
2201 2366 2486 2431 fortasse.
2599 2442 2604 2445 ,

470 2568 549 2638 Β.
596 2570 658 2638 J.
716 2575 770 2637 1.
821 2569 930 2638 27.
984 2572 1057 2637 l:
1124 2572 1565 2652 ἑγγράφως
1630 2572 1752 2642 τοὶς
1798 2570 2088 2649 μηνύσεις
2135 2568 2481 2652 φέροντας,
2533 2568 2771 2636 dicitur

377 2678 496 2744 hoc
556 2681 682 2744 nisi
743 2677 965 2757 fallor,
1032 2679 1535 2759 ἐγγράφους.
1606 2676 1886 2745 Gravius
1942 2685 2039 2744 eet
2085 2677 2252 2762 quod
2299 2675 2556 2742 offendit
2605 2675 2764 2742 Bell.

376 2783 434 2849 J.
492 2786 549 2868 1.
602 2784 707 2852 30.
761 2783 837 2850 6:
901 2783 998 2849 ἵνα
1063 2785 1153 2863 μὴ
1218 2786 1321 2850 καὶ
1372 2787 1508 2849 καθ’
1551 2782 1699 2868 ᾅδου
1749 2783 2084 2867 φέροιμι
2133 2783 2235 2848 τὸν
2283 2783 2602 2862 ἀλάςορα,
2653 2783 2768 2847 ubi

375 2913 603 2958 verum
650 2897 745 2957 est
790 2891 1167 2974 τρέφοιμι.
1217 2891 1293 2956 Β.
1342 2891 1398 2958 J.
1456 2891 1515 2958 1.
1566 2890 1673 2956 31.
1727 2891 1761 2955 1
1813 2911 1926 2976 pro
1973 2891 2420 2968 μετεπέμπετο
2467 2908 2768 2974 reponen-

377 2997 533 3062 dum
583 3011 680 3063 est
716 2997 1233 3075 μετεπέπεμπτο.
1282 2996 1356 3063 In
1397 2998 1722 3083 Antipatri
1747 2998 1959 3063 verbis
1984 2996 2205 3081 Antiq.
2239 2997 2296 3059 l.
2327 2993 2433 3058 32.
2463 2993 2504 3057 3
2530 3005 2766 3079 quanto

376 3101 734 3191 elegantius
781 3107 939 3170 erit:
1004 3105 1055 3169 εἲ
1103 3104 1158 3169 δ’
1204 3102 1583 3180 ἐξωλέςατος
1646 3103 1894 3168 πάντων
1939 3105 2256 3182 ἀνθρώπων
2309 3101 2609 3179 ἐγενόμην
2658 3101 2764 3165 καὶ

377 3211 569 3286 θηρίου
616 3209 831 3292 ψυχῆν
880 3208 1039 3290 ἔχων
1086 3209 1421 3289 ἀνημέρου,
1472 3210 1707 3288 πάτερ,
1760 3213 1866 3275 οὐκ
1906 3208 1983 3274 ἂν
2023 3219 2165 3280 ταῖς
2201 3216 2342 3279 σαῖς
2387 3207 2764 3286 εὐεργεσίαις

376 3315 774 3391 ἐκηλήθην
821 3336 1012 3401 quam
1063 3315 1457 3390 ἐνικήθην.
1528 3315 1774 3382 Deinde
1818 3314 1986 3400 quod
2036 3316 2213 3381 brevi
2259 3319 2401 3398 post
2446 3315 2762 3398 sequitur:

374 3421 651 3498 μέμνησο
718 3420 781 3485 δὲ
841 3423 918 3493 ὦς
981 3423 1101 3502 οὐχ
1161 3421 1305 3486 ἑκὼν
1364 3419 1621 3500 ἔπλεον,
1686 3422 2058 3499 ἐπιςάμενος
2118 3422 2228 3496 την
2278 3420 2762 3499 ἐμφωλεύουσαν

372 3533 512 3601 τῆς
560 3527 1010 3604 βασιλείας
1052 3533 1197 3592 κατ’
1240 3528 1387 3606 ἐμοῦ
1430 3527 1788 3606 δυσγένειαν
1813 3578 1830 3612 ,
1869 3548 2074 3612 neque
2097 3535 2208 3602 τῆς
2234 3527 2571 3604 βασιλείας
2596 3533 2764 3591 reete

372 3631 498 3698 hue
546 3633 849 3718 quadrat,
894 3653 1098 3719 neque
1142 3641 1272 3706 τοῖς
1316 3633 1694 3720 βασιλείοις,
1751 3634 1918 3720 quod
1966 3655 2045 3699 ex
2092 3630 2324 3699 Codice
2371 3630 2582 3718 Isugd.
2633 3629 2762 3696 Ba·-

371 3745 520 3805 tavo
588 3739 918 3805 Bekkerue
979 3741 1269 3826 arripuit.
1356 3737 1691 3829 Oorrigam
1757 3739 2086 3826 equidem:
2151 3745 2260 3812 τῆς
2336 3737 2762 3812 Σαλώμης.

370 3844 621 3931 Nempe
669 3867 893 3913 verum
942 3846 1009 3912 id
1048 3851 1218 3925 erat,
1266 3848 1604 3913 incurrisse
1645 3849 2060 3932 Antipatrum
2102 3845 2169 3909 in
2194 3844 2417 3910 odium
2443 3839 2762 3919 Salomes,

371 3953 480 4018 sed
530 3953 697 4039 quod
734 3954 893 4019 dicit
935 3955 1217 4020 invitum
1258 3974 1325 4022 se
1371 3957 1438 4018 in
1486 3953 1748 4019 Italiam
1796 3952 2153 4038 profectum
2200 3970 2370 4034 esse,
2417 3947 2486 4013 id
2534 3949 2765 4012 menti·

374 4063 517 4124 tur:
564 4059 715 4126 vide
761 4059 950 4125 modo
994 4057 1071 4124 B.
1108 4058 1164 4124 J.
1216 4063 1272 4125 1.
1318 4059 1425 4125 29.
1470 4058 1547 4124 2:
1619 4059 1889 4131 δεδοικὼς
1941 4059 2341 4138 ἐπιτηροῦσαν
2387 4056 2496 4128 την
2545 4051 2764 4118 Σαλώ-

372 4189 530 4244 μην,
581 4165 1107 4244 πραγματεύεται
1159 4165 1263 4232 διὰ
1308 4173 1425 4232 τῶν
1472 4165 1573 4230 ἐπὶ
1624 4173 1734 4238 τῆς
1787 4165 2069 4236 Ἰταλίας
2117 4163 2319 4244 φίλων
2357 4163 2465 4236 την
2507 4161 2592 4231 εἰς
2620 4163 2760 4225 Ῥώ-

372 4283 505 4352 μην·
542 4273 897 4349 ἀποδημίαν
943 4273 1131 4354 αὐτῷ.
1185 4270 1417 4338 Omnia
1463 4275 1529 4338 in
1578 4273 1756 4359 regia
1799 4270 2036 4337 fiebant
2073 4276 2239 4336 nutu
2277 4267 2564 4335 Salomes
2601 4274 2667 4334 et
2703 4271 2762 4334 ei

372 4398 530 4466 quos
574 4378 833 4464 perdere
878 4379 1133 4446 volebat
1176 4383 1447 4467 pessima
1496 4377 1762 4456 mulier,
1815 4377 2091 4446 habebat
2135 4377 2396 4444 fratrem
2437 4377 2506 4442 in
2547 4376 2758 4442 omni-

371 4487 493 4552 bus
538 4486 907 4552 obnoxium.
