3436 5161
609 291 696 357 40
1603 310 1996 360 mnenon-us.

609 474 740 541 ἐστὶ
805 473 938 540 οὐδὲ
997 499 1102 553 μιν
1167 471 1543 554 δυνησόμεθα
1609 474 1961 557 ὑποχειρίην
2026 475 2441 552 ποιήσασθαι·
2513 474 2719 542 ὁκόσον
2789 474 2869 542 δέ
2932 499 2993 541 τι

609 605 710 659 μοι
773 581 946 663 μέρος
1019 590 1254 661 μετῆν,
1300 582 1327 647 ὃ
1377 583 1516 649 ὀδὼν
1561 583 1827 665 μετέχει
1874 585 2085 649 nescio
2131 603 2213 649 an
2256 584 2681 649 necessarium
2730 584 2816 649 sit
2862 580 2991 649 aad·

611 712 711 755 σον
757 712 916 769 γαρ
959 714 1018 755 τι
1072 690 1201 755 κτὲ.

701 886 821 955 VI.
890 885 1019 952 108
1082 889 1348 971 Φθαίητε
1415 889 1540 970 γὰρ
1599 888 1676 954 ἂν
1723 886 2030 961 πολλάκις
2080 886 2724 968 ἐξανδραποδισθέντες
2771 888 2805 965 ἥ
2853 912 2993 955 τινα

611 992 902 1059 πυθέσθαι
957 992 1168 1071 ὑμέων.
1247 994 1424 1062 Alibi
1471 1001 1613 1082 post
1661 996 1917 1079 φθάνειν
1964 997 2144 1081 sequi
2184 993 2345 1063 solet
2370 996 2503 1077 πρὶν
2547 995 2601 1073 ἢ,
2643 996 2823 1063 velut
2846 1016 2994 1063 mox

615 1098 784 1180 116,
833 1098 936 1165 vel
981 1098 1260 1181 πρότερον
1311 1099 1370 1176 ἥ.

699 1301 806 1366 VI.
875 1299 1005 1365 110
1069 1301 1555 1381 προσγενομένης
1620 1303 1683 1369 δὲ
1748 1308 1855 1368 τοῦ
1918 1301 2325 1383 πολεμάρχου
2387 1311 2497 1379 τῆς
2547 1302 2795 1383 γνώμης
2844 1305 2993 1369 ἔκε-

609 1407 907 1488 scopam-0
973 1406 1534 1487 συμβάλλειν.
1595 1408 1766 1487 μετὰ
1830 1408 1891 1473 δὲ
1965 1410 2015 1475 οἱ
2089 1410 2422 1489 ςρατηγοί,
2489 1410 2606 1476 τῶν
2672 1411 2707 1485 ἦ
2777 1410 2991 1490 γνώμη

610 1512 790 1595 ἔφερε
840 1512 1273 1593 συμβάλλειν,
1315 1516 1392 1587 ὦς
1441 1513 1705 1581 ἑκάστου
1754 1517 1956 1581 αὐτῶν
2008 1514 2253 1594 ἐγένετο
2302 1518 2637 1598 πρυτανηίη
2683 1525 2797 1593 τῆς
2846 1516 2994 1595 ἡμέ-

607 1645 710 1701 Ρης
771 1620 1089 1704 Μιλτιάδη
1156 1620 1558 1703 παρεδίδοσαν
1587 1645 1600 1661 ·
1655 1623 1682 1687 ὃ
1733 1622 1816 1687 δὲ
1865 1622 2308 1701 δεκόμενος
2361 1621 2489 1688 οὔτι
2536 1648 2622 1689 κω
2669 1624 2995 1702 συμβολὴν

611 1726 908 1805 ἐποιέετο,
971 1727 1109 1808 πρίν
1176 1753 1252 1805 γε
1317 1729 1386 1804 δὴ
1453 1732 1643 1795 αὐτοῦ
1709 1729 2043 1809 πρυτανηίη
2114 1728 2375 1807 ἐγένετο.
2466 1728 2770 1811 Vertunt‚
2823 1730 2995 1797 haud

611 1832 802 1898 dubie
861 1838 1060 1898 reete:
1137 1834 1274 1911 „At
1325 1833 1438 1900 ille
1483 1836 1750 1921 quamvis
1796 1835 2082 1919 acciperet
2100 1884 2117 1919 ‚
2167 1856 2292 1900 non
2339 1839 2557 1901 tamen
2601 1838 2779 1923 prius
2830 1857 2998 1903 oom-

610 1940 791 2004 misit
837 1938 1154 2025 proelium
1202 1961 1390 2026 quam
1441 1940 1778 2029 legitimus
1825 1941 2026 2027 ipsius
2061 1938 2195 2006 dies
2216 1940 2516 2008 adesset.’'
2564 1941 2752 2007 Subit
2775 1945 2998 2009 mirari

612 2045 764 2129 quid
827 2044 1194 2112 Miltiadem
1258 2046 1627 2134 impulerit,
1691 2062 1766 2113 ut
1827 2046 2108 2113 oblatam
2157 2048 2278 2112 sibi
2324 2048 2677 2113 identidem
2724 2050 2802 2113 ab
2852 2048 2996 2129 aliis

611 2152 1008 2236 praetoribus
1066 2172 1388 2217 summam
1453 2154 1708 2237 imperii
1773 2156 2117 2239 acciperet,
2182 2156 2236 2217 si
2298 2158 2516 2219 tamen
2579 2174 2655 2219 ea.
2710 2172 2833 2219 non
2898 2155 2999 2219 uti

611 2261 978 2337 statuisset,
1025 2262 1241 2344 itaque
1286 2281 1412 2326 non
1461 2260 1682 2326 dubito
1732 2260 1885 2347 quin
1932 2260 2140 2326 dictus
2193 2262 2281 2324 sit
2332 2259 2409 2326 ab
2456 2256 2780 2327 Herodoto
2815 2258 2997 2326 illam

611 2386 736 2431 non
799 2368 1112 2452 accepisse
1131 2414 1146 2445 ‚
1173 2404 1178 2409 ·
1207 2372 1273 2432 et
1334 2366 1440 2432 hie
1489 2387 1736 2453 quoque
1783 2372 1859 2433 ut
1904 2386 2089 2452 saepe
2134 2368 2393 2453 perierit
2438 2370 2712 2454 negatio.
2784 2364 2997 2433 Corri-

611 2477 804 2561 gatur
859 2474 1100 2559 igitur:
1157 2474 1184 2537 ὅ
1249 2472 1312 2537 δὲ
1380 2474 1574 2551 <οὐ>
1637 2471 1951 2552 δεκόμενος
2010 2472 2138 2538 οὔτι
2200 2498 2282 2538 κω
2345 2472 2671 2551 συμβολὴν
2730 2472 2997 2539 ἐποιέετο

613 2580 740 2645 κτὲ.
821 2579 990 2646 Bene
1054 2577 1512 2647 attendendum
1577 2580 1655 2647 ad
1716 2579 2072 2666 imperfecti
2136 2601 2326 2645 usum
2373 2578 2817 2661 παρεδίδοσαν,
2866 2586 2997 2646 tra·

612 2687 752 2752 dere
797 2689 1104 2772 volebant,
1151 2690 1495 2775 offerebant.

711 2869 851 2935 VII.
919 2868 1048 2934 113
1111 2871 1174 2942 ἐς
1237 2867 1265 2934 ὃ
1329 2869 1428 2936 ἐπὶ
1477 2869 1589 2944 την
1639 2869 1964 2935 θάλασσαν
2011 2869 2371 2947 ἀπικόμενοι
2421 2868 2705 2957 (Graeci)
2756 2873 2873 2950 πῦρ
2926 2895 2999 2934 τε

616 2975 895 3042 αἴτεον
959 2977 1062 3041 καὶ
1134 2975 1653 3054 ἐπελαμβάνοντο
1710 2982 1829 3040 τῶν
1895 2983 2055 3042 νεῶν.
2142 2975 2359 3064 Magis
2414 2977 2493 3043 ad
2556 2997 2691 3041 rem
2739 2976 3000 3044 fuisset:

615 3089 735 3162 πῦρ
796 3107 866 3147 τε
931 3082 1264 3160 άγίνεον
1327 3083 1454 3147 κτὲ.
1543 3081 1847 3159 Ἀγινέειν
1910 3083 1987 3149 de
2048 3083 2237 3149 rebus
2294 3082 2541 3149 dietum
2586 3084 2860 3167 reperies
2907 3079 3002 3147 III

615 3187 722 3254 89.
777 3187 885 3256 97.
935 3187 1054 3254 VII
1099 3187 1208 3254 25.

709 3374 816 3439 VI.
884 3372 1015 3438 116
1077 3375 1380 3449 Ἀθηναῖοι
1450 3373 1514 3438 δὲ
1559 3377 1638 3447 ὡς
1686 3373 1877 3440 ποδῶν
1904 3370 2073 3455 εἶχον
2122 3371 2473 3458 [τάχιστα]
2526 3373 2780 3452 ἐβῶθεον
2828 3373 2886 3447 ἐς
2931 3371 3003 3437 τὸ

616 3479 801 3547 ἄστυ.
867 3480 1512 3566 Interpretamentum
1557 3486 1704 3546 ante
1747 3477 2061 3548 Gobetum
2090 3478 2327 3548 delevit
2350 3480 2411 3546 Ν
2414 3480 2577 3546 aber.
2606 3479 2805 3546 Recte
2828 3480 3007 3548 abest

617 3587 721 3656 IX
770 3587 876 3654 59.

711 3790 828 3857 VI.
901 3787 1028 3856 117
1093 3794 1203 3855 Ἐν
1251 3788 1452 3871 ταύτῃ
1510 3797 1587 3871 τῇ
1653 3788 1727 3853 ἐν
1786 3788 2225 3868 Μαραθῶνι
2274 3774 2638 3871 μάχηατὲ.
2712 3783 3010 3854 Genuina

619 3918 752 3964 esse
816 3897 1039 3964 dubito
1101 3898 1296 3964 verba
1358 3896 1417 3960 ἐν
1479 3898 1810 3975 Μαραθῶνι
1874 3915 2021 3960 cum
2084 3894 2535 3962 Valekenaerio
2597 3899 2663 3961 et
2722 3892 3007 3960 Mehlero

623 4010 688 4070 et
734 4002 994 4070 Cobeto.

714 4187 826 4252 VI.
880 4185 1010 4252 11¹7
1085 4183 1250 4252 Cum
1300 4188 1381 4252 iis
1432 4207 1594 4272 quae
1639 4181 1839 4253 Cobet
1888 4183 1967 4250 ad
2005 4185 2070 4249 h.
2118 4205 2209 4251 vs.
2254 4187 2583 4252 annotavit
2620 4185 2695 4250 ef.
2750 4183 2813 4250 II
2842 4183 3007 4251 142:

623 4293 777 4360 οὕτω
827 4295 887 4359 ἐν
933 4291 1193 4374 μυρίοισι
1232 4317 1300 4358 τε
1351 4289 1512 4357 ἔτεσι
1562 4291 1665 4358 καὶ
1718 4291 1975 4371 χιλίοισι
2027 4287 2132 4357 καὶ
2160 4291 2543 4374 τριηκοσίοισί
2565 4317 2635 4358 τε
2665 4289 3013 4357 καῖτεσσε·

625 4400 890 4489 ράκοντα
939 4398 1154 4480 ἔλεγον
1203 4399 1330 4464 κτὲ.
