3436 5161
1341 386 1428 434 AD
1473 386 1823 436 manuum
2646 374 2771 441 181

751 546 1060 613 Assiduae
1102 547 1330 615 multis
1378 551 1596 616 odium
1647 573 1941 638 peperere
1993 552 2351 638 querellae:

842 654 1159 743 frangitur
1203 658 1272 721 in
1318 658 1511 723 tacito
1563 658 1802 726 semina
1850 679 2036 745 saepe
2078 662 2242 728 viro·

752 757 822 824 Si
869 761 1025 846 quid
1071 763 1292 829 vidisti
1311 810 1328 840 ,
1378 767 1633 850 semper
1674 765 1913 831 vidisse
1959 771 2226 853 negato:

842 870 956 932 aut
999 870 1055 932 si
1102 869 1256 954 quid
1303 869 1513 936 doluit
1559 871 1757 950 forte,
1812 871 2022 938 dolere
2067 893 2255 961 nega.

475 969 654 1037 Haec
717 978 869 1037 sunt
927 974 1252 1053 absoluta3
1321 976 1508 1044 breve
1571 972 1981 1063 praeceptum
2038 978 2147 1044 sed
2194 979 2547 1064 perfectum
2597 984 2780 1068 quasi
2902 1044 2909 1051 .

386 1078 786 1165 epigramma
847 1078 1123 1164 aliquod.
1211 1080 1514 1167 Sequitur
1571 1085 1703 1148 iam
1759 1105 1820 1150 v.
1891 1082 2111 1149 5—22
2175 1087 2497 1152 excusatio
2551 1090 2781 1153 aetatis

386 1187 704 1269 proposito
751 1185 1041 1272 exemplo
1091 1189 1408 1268 Aurorae,
1458 1209 1619 1276 quae
1658 1211 1871 1256 senem
1893 1188 2265 1269 ‚Tithonum
2305 1197 2512 1273 amet,
2556 1199 2620 1259 et
2655 1195 2780 1259 im-

387 1292 665 1375 precatio
713 1292 780 1356 in
823 1293 1218 1360 fastidiosam
1264 1293 1546 1380 puellam
1598 1317 1793 1382 quae,
1834 1298 1973 1382 ipsa
2013 1318 2171 1363 anus
2208 1319 2439 1384 paene,
2478 1300 2778 1366 iuvenem

386 1402 640 1481 poetam
689 1406 972 1485 spernat,
1024 1402 1302 1486 praeciso
1348 1423 1495 1468 sane
1543 1404 1765 1468 initio:

750 1504 966 1587 Quid?
1014 1509 1072 1573 si
1117 1511 1251 1575 iam
1299 1512 1472 1577 canis
1519 1516 1694 1575 aetas
1742 1510 2139 1576 candesceret
2185 1514 2251 1576 et
2299 1514 2395 1577 mi

841 1613 974 1678 iam
1022 1614 1258 1681 faceret
1303 1617 1526 1681 scissas
1571 1615 1878 1703 languida
1924 1636 2088 1702 ruga
2133 1614 2371 1704 genas?

387 1736 502 1782 nec
562 1721 777 1784 tamen
837 1726 1165 1805 propterea
1228 1742 1373 1787 cum
1438 1722 1867 1808 superioribus
1936 1722 2293 1809 iungendo;
2368 1722 2531 1788 nihil
2602 1726 2775 1790 enim
2862 1770 2870 1779 -

391 1830 770 1912 argumento
824 1829 1137 1894 convenit.
1211 1826 1393 1909 Quod
1441 1828 1520 1895 ad
1567 1830 1904 1895 materiam
1953 1831 2267 1915 posterius
2315 1849 2569 1895 carmen
2616 1831 2780 1896 inte-

389 1952 579 2019 grum
629 1937 740 1997 est
818 1930 1121 2001 Ceterum
1165 1934 1434 2001 subinde
1473 1938 1540 2000 in
1576 1935 1697 2001 hoc
1734 1956 1964 2023 genere
2002 1936 2209 2021 poesis
2247 1935 2601 2002 cavendum
2644 1943 2773 2016 est,

387 2058 468 2103 ne
528 2058 640 2123 pro
704 2040 1062 2128 fragmento
1121 2041 1470 2108 habeamus
1528 2041 1590 2105 id
1613 2089 1628 2119 ,
1695 2041 1863 2126 quod
1912 2046 2098 2126 poeta
2144 2043 2279 2127 ipse
2323 2043 2773 2127 imperfectum

389 2142 651 2229 reliquit
666 2165 682 2223 ;
749 2147 1004 2213 coniicit
1057 2149 1126 2211 in
1185 2147 1433 2213 chartas
1494 2146 1561 2211 id
1625 2146 1793 2232 quod
1853 2148 2141 2213 animum
2207 2150 2389 2235 angit
2436 2154 2547 2215 aut
2595 2162 2779 2215 acute

389 2250 633 2316 dictum
699 2256 812 2318 aut
873 2256 1194 2319 monitum
1259 2254 1472 2331 breve,
1538 2273 1614 2318 ex
1680 2253 1911 2338 quibus
1976 2255 2088 2338 qui
2148 2254 2347 2319 edunt
2412 2257 2777 2333 „veneriam

390 2358 566 2423 vient
613 2357 973 2445 corollam”,
1022 2360 1176 2425 dum
1232 2362 1468 2444 posteri
1515 2358 1700 2425 facile
1748 2358 2244 2444 obliviscuntur,
2292 2360 2609 2445 quomodo
2665 2360 2780 2428 ille

389 2465 570 2550 quasi
622 2464 930 2546 στέφανος
991 2465 1380 2552 compositus
1440 2468 1550 2544 sit,
1620 2470 1685 2529 et
1746 2464 2094 2549 perfectum
2146 2464 2491 2533 artificium
2540 2466 2780 2533 deside·

389 2574 550 2636 rant.
623 2570 698 2636 In
743 2572 1198 2640 recentioribus
1245 2572 1504 2660 quidem
1551 2573 1755 2658 poetis
1802 2570 2044 2638 similia
2088 2592 2212 2638 non
2262 2572 2509 2638 desunt.

481 2677 576 2743 De
649 2679 1193 2747 emendationibus
1258 2678 1638 2765 recipiendis
1707 2698 1900 2743 suum
1970 2679 2196 2764 cuique
2264 2680 2582 2744 iudicium
2652 2683 2775 2758 sit;

389 2804 592 2869 neque
653 2787 826 2852 enim
889 2791 1081 2865 „voto
1143 2787 1386 2854 vivitur
1441 2783 1636 2862 uno'’,
1699 2782 1876 2850 aliud
1938 2783 2220 2870 postulat
2285 2787 2377 2862 is,
2426 2788 2536 2870 qui
2584 2807 2650 2851 se
2698 2785 2779 2852 ad

389 2891 856 2958 emendandum
918 2892 1160 2959 librum
1221 2897 1434 2979 parat,
1495 2891 1973 2978 quemadmodum
2029 2913 2100 2954 ea:
2137 2890 2501 2975 antiquitate
2547 2895 2629 2954 ad
2672 2913 2778 2956 nos

383 2997 656 3086 pervenit
678 3047 694 3074 ,
763 2998 973 3083 aliud,
1033 3002 1145 3085 qui
1190 3001 1366 3084 cupit
1412 3017 1788 3085 cognoscere
1806 3043 1823 3074 ,
1873 2996 2189 3081 quomodo
2234 2996 2442 3062 adhuc
2488 2998 2781 3063 emenda-

391 3107 496 3167 tus
557 3105 642 3167 sit
704 3107 768 3168 et
821 3102 1035 3192 legere
1080 3107 1292 3190 potius
1339 3109 1590 3188 poetam
1610 3149 1626 3182 ,
1678 3123 1870 3188 quam
1920 3104 2286 3189 aenigmata
2330 3104 2467 3187 ipse
2514 3101 2779 3169 solvere.

391 3207 708 3274 Prionibue
731 3211 1128 3277 satisfactum
1168 3209 1376 3277 voluit
1402 3208 1731 3287 Hillerus3
1759 3215 1970 3272 tamen
1996 3209 2379 3293 quibusdam
2404 3206 2561 3274 locis
2579 3258 2596 3293 ‚
2622 3229 2778 3293 quos

389 3315 456 3380 in
515 3317 799 3383 confesso
861 3324 958 3384 est
1018 3338 1152 3383 esse
1214 3319 1576 3401 corruptos,
1643 3313 1751 3381 vel
1812 3315 1881 3379 in
1925 3315 2045 3379 hac
2092 3313 2369 3380 editione
2416 3335 2521 3379 me
2569 3313 2781 3380 iudice

389 3427 637 3506 poterat
682 3423 790 3488 hic
833 3423 968 3490 illic
1013 3421 1364 3509 probabilis,
1407 3421 1768 3488 emendatio
1808 3421 2045 3505 recipi,
2082 3419 2199 3485 etsi
2248 3425 2469 3505 sponte
2509 3419 2779 3485 concedo

390 3531 608 3593 minus
671 3531 740 3594 in
799 3549 872 3595 ea
917 3529 1233 3594 libertatis
1283 3527 1414 3593 dari
1437 3577 1456 3612 ,
1507 3547 1700 3613 quam
1749 3528 1818 3590 in
1868 3523 2411 3591 Weidmannianis
2457 3527 2571 3610 iis,
2622 3546 2782 3611 quae

391 3637 716 3700 continent
760 3637 829 3701 in
876 3637 1167 3723 margine
1210 3634 1547 3701 lectionem
1598 3633 1890 3699 codicum
1910 3681 1929 3710 ,
1982 3631 2039 3697 si
2086 3652 2159 3698 ea
2203 3634 2272 3697 in
2323 3632 2533 3698 verbis
2579 3633 2779 3716 scrip-

391 3740 544 3806 toris
601 3742 686 3806 sit
745 3740 1004 3818 relicta;
1065 3741 1212 3806 talis
1261 3740 1456 3806 editio
1509 3743 1716 3824 potest
1763 3741 1831 3803 in
1875 3736 2194 3823 plerisque
2239 3735 2602 3804 auctoribus
2648 3755 2783 3800 om-

389 3847 572 3912 nium
621 3847 846 3913 usibus
893 3845 1273 3914 satisfacere.

481 4045 817 4134 Subiungo
881 4047 1351 4112 annotationem
1417 4063 1614 4138 unam
1676 4046 1742 4108 et
1802 4039 2068 4108 alteram
2133 4039 2209 4108 ad
2260 4038 2549 4127 singulos
2592 4037 2781 4106 locos.

389 4149 488 4216 El.
553 4151 584 4216 I
650 4153 683 4216 1
746 4152 916 4218 male
962 4154 1179 4218 vincta
1228 4156 1376 4217 sunt
1427 4148 1649 4214 1-50
1695 4153 1762 4214 et
1808 4144 2112 4234 51-78,
2162 4147 2243 4214 cf.
2290 4145 2516 4234 Reisig
2559 4145 2639 4212 R.
2688 4146 2782 4212 M.

393 4255 571 4430 1817?-
614 4278 706 4430 34
729 4259 980 4452 4fr7angit
1019 4362 1271 4452 aliquis:
1288 4367 1534 4449 portam
1578 4365 1642 4427 et
1679 4359 1899 4424 inserit
1937 4359 2127 4425 rixas.
2174 4357 2251 4424 In
2292 4355 2587 4443 portam?
2616 4356 2779 4424 Tam

387 4469 663 4536 ridicula
711 4472 1110 4558 ambiguitas
1156 4471 1419 4537 vitanda
1466 4475 1589 4534 est:
1641 4467 1887 4534 dudum
1938 4471 2290 4533 correctum
2336 4470 2712 4530 comer-uisae.
