3436 5161
688 309 821 376 280
1546 325 1822 376 mnus
1867 324 2206 375 sosarnus.

686 495 1143 581 distinguitur,
1201 499 1535 578 postquam
1601 493 1640 559 .Ῐ
1645 513 1756 558 esu
1817 513 2009 559 causa
2071 495 2136 556 in
2193 493 2512 578 judicium
2574 492 2772 557 venit.
2855 489 3078 556 Facile

685 600 981 665 videmus
1048 601 1214 663 inter
1257 599 1631 664 Pharisaeos
1678 599 1717 663 J
1721 599 2032 683 osephum
2084 597 2456 682 amplexum
2505 597 2700 661 fuisse
2743 595 3078 660 Hillelita-

687 727 831 770 rum
888 705 1238 770 doctrinam
1260 751 1277 780 ,
1351 706 1429 770 ad
1500 725 1656 788 quos
1727 707 1984 792 ingenio
2053 703 2354 779 ferretur3
2427 703 2652 768 deinde
2717 703 3074 768 ambitione

688 811 955 876 ductum
976 857 991 888 ,
1052 823 1127 874 ut
1186 807 1475 876 Galilaea
1535 812 1660 874 sibi
1721 812 2260 886 committeretur,
2335 830 2470 874 sese
2539 809 2920 894 applicuisse
2991 807 3072 872 ad

686 915 1173 982 Schammaitas.
1256 916 1481 1000 Itaque
1564 917 1818 980 omissis
1891 915 2306 990 sadducaeis,
2383 934 2654 999 quorum
2725 915 3072 978 auctoritas

677 1024 1063 1111 jamdudum
1126 1025 1547 1087 intermortua
1606 1029 1742 1086 erat
1799 1042 2078 1107 quosque
2141 1024 2207 1085 in
2255 1023 2412 1106 ipsis
2459 1018 2828 1106 Evangeliis
2871 1016 3073 1082 semel

686 1136 938 1194 tantum
1002 1149 1149 1192 cum
1176 1180 1185 1186 .
1216 1127 1367 1192 Jesu
1428 1129 1824 1212 disputantes
1883 1127 2450 1211 deprehendimus,
2519 1127 2792 1190 scribere
2859 1127 3074 1208 potnit

684 1233 1031 1320 Josephus.
1096 1233 1318 1298 Jesum
1380 1233 1734 1316 plurimum
1813 1234 2146 1316 profecisse
2217 1254 2294 1296 ex
2365 1231 2810 1297 Hillelitarum
2881 1232 3074 1294 disci·

686 1339 897 1425 plina,
943 1339 1008 1404 id
1050 1339 1213 1424 quod
1260 1341 1453 1403 etiam
1496 1339 1685 1403 hodie
1723 1341 1787 1403 in
1827 1337 2199 1424 Evangeliis
2239 1346 2513 1404 attentos
2549 1337 2812 1402 lectores
2845 1337 3072 1422 fugere

686 1467 806 1511 non
856 1453 1079 1528 potest.
1156 1445 1328 1510 Hinc
1372 1445 1635 1511 fuerunt
1680 1443 1758 1509 de
1797 1445 2025 1510 horum
2067 1465 2329 1508 numero
2367 1465 2522 1528 quos
2561 1446 2800 1508 amicos
2837 1442 3076 1507 habuit

684 1551 1033 1636 Josephum
1095 1551 1697 1624 Arimathaeanum‚
1767 1549 2231 1632 Nicodemum,
2297 1548 2456 1614 alios
2509 1559 2574 1614 et
2619 1551 2698 1614 cf.
2747 1561 3076 1633 praeterea

686 1657 841 1721 Luc.
908 1657 1009 1720 ll.
1076 1657 1187 1732 453
1258 1655 1364 1720 sed
1429 1677 1679 1740 semper
1734 1659 1791 1720 ei
1841 1677 1939 1720 res
1985 1665 2082 1719 est
2128 1676 2275 1719 cum
2327 1655 2814 1738 Schammaitis;
2861 1652 3076 1718 Hillo-

685 1762 839 1827 litae
894 1761 1103 1826 multo
1164 1765 1369 1826 rarius
1436 1764 1954 1848 perstringuntur
2015 1760 2221 1826 veluti
2283 1761 2520 1825 Matth.
2585 1760 2692 1823 23.
2747 1759 2863 1834 15,
2915 1779 3072 1823 nam

687 1866 1159 1933 Schammaitae
1208 1867 1623 1943 προσηλύτους
1670 1887 1794 1932 non
1842 1869 2105 1932 faciunt.
2180 1867 2343 1946 Quid
2385 1869 2620 1953 igitur,
2659 1868 2714 1929 si
2750 1864 3074 1948 Josephus

686 1977 938 2057 scripsit
1000 1974 1191 2038 fuisse
1252 1975 1419 2037 inter
1476 1977 1644 2058 ipsos
1710 1974 2082 2039 Pharisaeos
2143 1977 2250 2059 qui
2308 1974 2460 2038 Jesu
2511 1975 2830 2052 faverent,
2875 1975 3080 2036 sicuti

684 2078 967 2165 legimus
1032 2078 1067 2142 J
1076 2079 1253 2143 acobi
1326 2079 1580 2143 caedem
1659 2079 2031 2144 Pharisaeos
2100 2080 2292 2144 fuisse
2313 2127 2328 2154 ,
2409 2081 2518 2164 qui
2589 2078 3076 2143 ulciscerentur.

686 2185 911 2264 Quidsi
956 2187 1243 2268 scripsit,
1282 2185 1769 2250 condemnatum
1809 2186 2005 2250 fuisse
2042 2184 2264 2250 Jesum
2307 2199 2640 2271 postquam
2685 2205 2876 2250 causa
2897 2185 3078 2249 dicta

688 2297 851 2354 esset
896 2311 1019 2354 non
1066 2293 1129 2353 in
1179 2291 1398 2375 majore
1440 2291 1767 2376 synedrio,
1823 2291 1929 2356 sed
1975 2293 2044 2355 in
2085 2297 2340 2368 minore,
2381 2293 2448 2355 in
2491 2311 2614 2376 quo
2653 2311 2777 2357 non
2817 2295 3080 2374 septua-

685 2399 868 2483 ginta
906 2395 1151 2481 judices
1199 2397 1537 2470 sedebant,
1588 2397 1693 2461 sed
1749 2397 1986 2484 viginti
2033 2395 2201 2463 tres?
2273 2397 2438 2477 Quid
2487 2400 2539 2462 si
2581 2400 2884 2482 majorem
2928 2417 3076 2480 par-

684 2509 814 2568 tem
881 2504 1110 2567 atrocis
1162 2505 1446 2567 criminis
1492 2503 1570 2566 ab
1616 2501 1652 2566 J
1659 2503 1876 2566 udaeis
1923 2507 2230 2580 removit,
2282 2513 2355 2567 ut
2401 2503 2711 2568 conferret
2757 2503 2824 2566 in
2873 2508 3074 2586 caput

682 2612 1134 2694 procuratoris,
1186 2630 1295 2693 per
1341 2630 1569 2692 quem,
1616 2620 1687 2673 ut
1728 2612 1820 2673 ait
1858 2608 2154 2686 Tacitus,
2197 2609 2492 2676 Christus
2532 2609 2846 2695 supplicio
2889 2608 3074 2673 affec-

684 2724 789 2780 tus
847 2718 991 2780 est?
1078 2713 1309 2801 Cogita
1372 2725 1692 2799 praeterea
1739 2716 2223 2781 immaculatam
2271 2720 2742 2801 conceptionem
2789 2714 3074 2799 Josepho

684 2842 817 2886 rem
888 2820 1219 2885 ridiculam
1287 2820 1575 2885 debuisse
1630 2822 1834 2885 videri
1882 2830 1946 2886 et
1995 2826 2514 2888 resurrectionem
2563 2819 2848 2886 fabulam
2895 2840 3076 2905 pror-

685 2947 792 2991 sus
852 2926 1311 2991 incredibilem.
1376 2926 1845 2991 Mirabimurne
1908 2927 2104 2993 talem
2169 2930 2536 3014 pericopen,
2607 2930 2675 2991 in
2731 2948 2856 3012 qua
2904 2925 3078 2990 nihil

683 3053 807 3098 non
871 3032 1195 3097 offensioni
1258 3039 1420 3096 esset
1478 3034 1603 3116 piis
1663 3030 1970 3096 lectorum
2033 3036 2330 3111 auribus,
2379 3034 2698 3099 sublatam
2749 3033 2944 3097 fuisse
2989 3052 3076 3097 ex

685 3137 1156 3220 voluminibus,
1198 3156 1465 3221 quorum
1508 3136 1697 3201 lectio
1737 3140 2076 3222 ceteroquin
2117 3138 2299 3203 utilis
2322 3160 2456 3203 esse
2482 3139 2824 3204 videretur.
2873 3138 3078 3217 Quid-

684 3244 837 3327 quid
884 3249 1099 3307 autem
1143 3246 1393 3327 scripsit
1430 3241 1780 3327 Josephus‚
1821 3244 1887 3307 id
1925 3247 2188 3331 neg-avit
2227 3245 2392 3328 quod
2419 3250 2609 3329 caput
2633 3250 2804 3321 erat,
2840 3242 3068 3308 Jesum

684 3350 881 3413 fuisse
942 3368 1131 3432 quem
1195 3348 1651 3431 praedixissent
1710 3349 2069 3434 prophetae.
2165 3349 2332 3425 Quin
2382 3356 2446 3415 et
2494 3350 2789 3414 videmus
2835 3347 3072 3436 Orige-

682 3474 827 3519 nem
878 3454 1109 3541 legisse
1155 3451 1367 3517 locum
1416 3474 1607 3538 quem
1648 3454 1836 3519 hodie
1885 3456 2346 3532 desideramus;
2398 3458 2552 3519 satis
2595 3456 2829 3520 diserta
2876 3456 3076 3521 verba

682 3566 831 3624 sunt
870 3558 1169 3623 adversus
1210 3556 1469 3624 Celsum
1511 3559 1561 3624 I.
1604 3558 1728 3623 35:
1765 3562 2045 3637 καίτοιγε
2087 3564 2324 3628 ἅτις-ῶν
2365 3563 2448 3641 τῷ
2495 3562 2690 3631 Ἰησοῦ
2733 3563 2812 3633 ὥς
2851 3563 3072 3641 Χριςῷ.

682 3664 755 3730 Si
815 3666 1069 3729 dubitas
1130 3684 1209 3728 an
1258 3685 1331 3729 ea
1380 3666 1663 3750 pericope
1710 3687 1787 3731 ex
1833 3668 2128 3731 omnibus
2175 3668 2646 3753 exemplaribus
2695 3688 3074 3734 evanescere

681 3774 995 3857 potuerit,
1046 3771 1383 3854 respondeo
1420 3774 1711 3855 spurium
1757 3780 1968 3837 tamen
2012 3776 2449 3839 testimonium
2495 3780 2709 3857 postea
2747 3776 3070 3839 insertum

680 3878 875 3942 inisse
922 3875 1113 3959 idque
1157 3876 1344 3940 hodie
1391 3876 1687 3941 omnibus
1733 3876 1916 3941 libris
1963 3881 2412 3964 manuscriptis
2467 3878 2880 3945 circumferri.
2959 3878 3074 3943 Al-

680 3988 892 4047 terum
950 3984 1005 4045 si
1069 3982 1307 4045 factum
1374 3982 1567 4046 fuisse
1628 3982 2194 4066 deprehendimus,
2255 3984 2420 4050 nihil
2481 3991 2580 4050 est
2626 4006 2739 4050 cur
2785 3985 3068 4050 alterum

684 4086 817 4152 fieri
862 4089 1142 4171 potuisse
1188 4107 1517 4174 negemus.
1588 4087 1690 4153 Ne
1738 4090 1856 4154 hoc
1903 4090 2161 4173 quidem
2212 4090 2672 4177 negligendum
2713 4098 2844 4167 est,
2887 4094 3073 4156 testi·

682 4196 973 4257 monium
1033 4192 1111 4257 de
1168 4190 1320 4258 Jesu
1367 4190 1623 4258 Christo
1671 4198 1945 4259 inveniri
1992 4207 2134 4259 ante
2179 4196 2392 4260 locum
2443 4196 2522 4262 de
2566 4195 2854 4262 Johanne
2901 4196 3072 4283 Bap-

684 4299 866 4373 tista3
930 4305 1189 4383 apparet
1246 4301 1451 4386 igitur
1510 4300 2026 4384 interpolatorem
2079 4304 2148 4365 in
2197 4302 2408 4367 codice
2456 4302 2696 4368 vidisse
2740 4302 3065 4368 lacunam.

680 4401 823 4469 Hoc
869 4411 1323 4490 argumentum
1374 4406 1537 4469 mihi
1583 4405 1840 4471 videtur
1888 4408 2380 4489 ἀναμφίλεκτον.
