3436 5161
1378 397 1463 445 sn
1508 393 1858 445 tuomum.
2721 369 2807 438 99

518 559 669 630 XII.
724 563 786 629 1.
840 563 943 629 τὸν
994 563 1121 628 Δία
1170 559 1563 643 πολύμορφον
1612 562 2048 638 ἐπιδεικνύεις,
2101 557 2438 626 άλλάσσων
2486 560 2546 632 ἐς
2597 553 2687 623 ὅτι
2739 557 2815 623 ἄν

428 693 519 736 σοι
566 671 730 754 δοκῇ.
804 669 1018 736 Immo
1064 668 1668 755 άποδεικνύεις,
1716 672 1940 735 reddis.

518 868 701 936 XIII.
770 872 826 934 1.
892 868 1077 937 ’Λσκ.
1140 865 1249 936 Εὖ
1309 869 1519 948 λέγεις
1544 919 1561 948 ,
1626 866 1715 935 ὅτι
1781 895 1885 936 σου
1949 870 2034 936 τά
2081 871 2468 949 ε’γκαύματα
2517 871 2814 948 ίασάμην.

428 973 791 1041 Inconsulte
858 982 1067 1061 spreta
1138 982 1235 1041 est
1310 979 1555 1062 optima
1631 977 1867 1042 codicis
1927 977 1980 1041 F
2043 980 2357 1063 scriptura
2427 979 2505 1042 οὐ
2575 977 2815 1056 λέγεις,

430 1083 598 1146 sicut
645 1089 709 1147 et
752 1084 891 1166 ipse
937 1083 1005 1146 in
1056 1085 1347 1169 margine
1396 1083 1868 1166 adscripseram.
1923 1081 2270 1170 Vulgatam
2321 1083 2603 1169 intellig-i
2641 1103 2821 1168 posse

430 1208 623 1275 nego;
692 1188 811 1253 hoc
873 1188 1079 1253 dicere
1139 1188 1328 1254 debet
1384 1188 1838 1274 Aesculapius:
1902 1185 2224 1254 Conviciis
2285 1211 2392 1256 me
2451 1193 2648 1275 petis,
2711 1189 2821 1256 sed

430 1291 731 1360 beneficia
777 1315 922 1360 mea
970 1315 1325 1361 memorare
1379 1296 1767 1382 supersedeo.

520 1495 709 1562 XIV.
773 1499 831 1562 1.
881 1498 1055 1562 άλλα
1106 1496 1392 1577 ἐρώμενον
1440 1497 1651 1561 πενθῶ.
1727 1495 1990 1562 Excidit
2038 1496 2376 1586 articulus:
2409 1497 2555 1562 ’τὸν
2603 1496 2821 1576 ἑρῶμε·

432 1627 559 1680 νον,
620 1609 929 1668 amaeium'
965 1627 1168 1669 meum.
1258 1600 1585 1668 Contrario
1646 1624 1852 1669 errore
1898 1612 2228 1688 peccatum
2251 1587 2256 1592 ’
2281 1611 2376 1670 est
2421 1607 2489 1668 in
2537 1606 2574 1688 §
2625 1608 2664 1668 2
2715 1604 2819 1668 καὶ

433 1711 561 1775 τὸν
620 1708 827 1788 τάφον
891 1711 1030 1787 μὲν
1092 1709 1430 1790 ἐχωσάμην
1491 1711 1550 1773 ἐν
1612 1710 2004 1794 Ἀμύκλαις,
2065 1711 2180 1776 ubi
2227 1709 2366 1776 dele
2412 1709 2540 1776 τόν
2585 1717 2650 1776 et
2697 1731 2824 1776 una

432 1835 622 1901 opera
666 1837 959 1903 expungo
1003 1817 1144 1894 μέν
1166 1863 1183 1895 ,
1235 1818 1339 1881 cui
1383 1816 1547 1881 nihil
1595 1817 1952 1902 respondet.

523 2012 661 2080 XV.
726 2013 787 2080 3.
850 2013 959 2080 Ad
1009 2034 1115 2092 ea,
1180 2035 1340 2100 quae
1403 2015 1480 2081 de
1534 2014 1766 2080 Martis
1828 2017 1893 2078 et
1955 2013 2217 2078 Veneris
2264 2015 2588 2080 amoribus
2635 2019 2699 2080 et
2745 2016 2824 2081 de

435 2125 632 2187 minis
697 2119 975 2187 Vulcani
1045 2121 1402 2187 Mercurius
1471 2126 1871 2196 narraverat,
1957 2119 2193 2206 Apollo
2260 2122 2622 2206 respondet:
2691 2125 2823 2188 οὐκ

434 2224 510 2293 οἶ
520 2231 554 2294 δ
570 2249 647 2292 α·
716 2226 1018 2304 εὐξαίμην
1077 2227 1131 2292 δ’
1194 2226 1271 2291 ἂν
1334 2225 1519 2298 αὐτὸς
1570 2227 1597 2291 ὃ
1645 2225 2224 2305 ξυλληφθησόμενος
2277 2223 2456 2292 εἶναι.
2532 2225 2818 2294 Festive!

438 2333 563 2401 Sed
612 2335 769 2420 quid
814 2335 936 2399 sibi
984 2332 1141 2406 vult
1175 2335 1308 2398 οὐκ
1354 2329 1528 2397 οἶδα
1576 2335 1667 2397 sic
1712 2333 1885 2397 nude
1931 2330 2260 2417 positum?
2309 2333 2472 2398 Mihi
2511 2335 2820 2418 quaedam

436 2441 743 2507 excidisse
796 2425 1096 2507 videntur
1152 2441 1221 2503 in
1278 2440 1450 2503 hunc
1496 2438 1626 2504 fere
1671 2438 1938 2503 modum
1986 2438 2368 2524 supplenda:
2417 2438 2564 2505 αλλ’
2609 2441 2662 2504 εί
2709 2441 2823 2516 μὲν

437 2544 646 2613 δίκαια
694 2548 799 2626 ἐρῶ
846 2547 955 2612 οὐκ
1003 2541 1142 2611 οἶδα
1170 2567 1185 2585 ·
1234 2544 1537 2622 εὐξαίμην
1586 2545 1637 2610 δ’
1688 2543 1766 2609 ἂν
1814 2568 1872 2609 κ.
1901 2568 1958 2609 τ.
1987 2559 2050 2611 λ.

529 2728 717 2797 XVI.
782 2732 841 2797 l.
904 2731 964 2803 ἐς
1026 2732 1135 2806 τὴν
1196 2728 1465 2795 Σκυθίαν
1521 2728 1882 2793 ἀπελθοῦσα
1945 2726 2178 2799 πάντες
2241 2728 2442 2792 ἴσασιν
2496 2724 2593 2793 οἷα
2645 2730 2823 2796 ἐσθίει

435 2835 864 2914 ξενοκτονοῦσα
927 2839 1032 2902 καὶ
1086 2835 1433 2915 μιμουμένη
1495 2834 1634 2906 τοὺς
1687 2834 1935 2905 Σκύθας
1984 2833 2214 2905 αὐτοὺς
2267 2835 2823 2918 [άνθρωποφάγους

434 2940 671 3029 ὄντας]
741 2944 925 3019 Quod
985 2946 1142 3009 scito
1202 2948 1269 3009 et
1326 2942 1631 3021 εἰρωνικῶς
1698 2940 1816 3005 dea
1877 2941 2165 3005 subirato.
2225 2943 2548 3019 innuerat,
2613 2945 2826 3030 magi·-

436 3051 663 3119 stellus
706 3052 944 3140 frigida
991 3052 1512 3117 annotatiuncula
1556 3048 1772 3134 lepore
1809 3049 2110 3134 privavit.
2161 3046 2454 3115 Acumen
2499 3069 2687 3116 omne
2723 3052 2824 3114 in-

438 3164 536 3224 est
578 3162 648 3223 in
693 3158 843 3226 illo:
890 3154 991 3223 οἷα
1038 3156 1216 3223 ἐσθίει
1266 3155 1715 3232 ξενοκτονοῦσα.

528 3340 709 3407 XIX.
776 3341 840 3406 2.
894 3344 1034 3421 Ἔρ.
1098 3336 1238 3405 εἶτα
1303 3339 1408 3405 καὶ
1459 3338 1606 3405 ἴδιόν
1652 3363 1793 3403 τινα
1853 3334 2043 3417 ἔρωτα
2094 3338 2220 3421 ἐρᾷ.
2290 3338 2474 3419 Ἀφρ.
2522 3338 2736 3419 Τίνος,
2787 3336 2829 3404 ὦ

440 3449 683 3527 τέκνον;
726 3448 864 3527 Ἕρ.
905 3449 1109 3527 Θήρας
1156 3447 1260 3511 καὶ
1313 3447 1567 3527 ἐλάφων
1619 3444 1722 3510 καὶ
1778 3445 2038 3524 νεβρῶν,
2084 3445 2275 3523 αἱρεῖν
2321 3469 2389 3509 τε
2437 3446 2832 3512 διώκουσα

442 3557 544 3622 καὶ
595 3554 1039 3631 κατατοξεύειν
1082 3554 1183 3619 καὶ
1229 3551 1422 3626 ὅλως
1465 3555 1608 3631 πρὸς
1659 3554 1742 3631 τῷ
1792 3552 2037 3631 τοιούτῳ
2085 3551 2271 3617 ἐστίν.
2319 3550 2584 3617 Horatio
2625 3552 2832 3619 dicere

438 3664 656 3729 licuit:
720 3662 863 3727 Nou
896 3649 1022 3743 'eqo
1083 3668 1140 3725 te
1194 3661 1490 3747 franqere
1522 3680 1878 3743 persequor,
1935 3656 2044 3721 sed
2093 3678 2214 3721 non
2261 3657 2444 3722 facile
2491 3658 2656 3722 mihi
2698 3678 2835 3742 per—

438 3772 672 3837 suadeo
735 3769 889 3834 haec
951 3765 1191 3833 Graece
1256 3768 1350 3832 ita
1400 3766 1561 3831 verti
1610 3780 1827 3849 posse:
1876 3764 1941 3826 οὐ
1990 3762 2176 3826 διώκω
2225 3786 2292 3826 σε
2343 3763 2832 3828 διασπάσασθαι.

438 3874 856 3943 Scribendum
905 3875 1175 3939 arbitror
1222 3872 1681 3936 διώκουσαν.
1762 3866 1928 3933 Cum
1981 3865 2176 3946 ἔρωτα
2216 3869 2322 3952 ἐρᾷ
2378 3869 2532 3934 haec
2579 3872 2836 3934 coniun-

439 3984 650 4071 genda
704 3986 853 4047 sunt
911 3983 981 4045 in
1036 3981 1206 4045 hunc
1265 3978 1570 4044 modum:
1629 3980 1868 4041 Amore
1926 3976 2200 4059 quodam
2265 3983 2330 4039 et
2386 3976 2525 4061 ipsa
2585 3982 2838 4041 tenetur

440 4092 797 4156 venationis
843 4094 905 4153 et
954 4107 1283 4153 cervorum
1336 4091 1401 4151 et
1448 4082 1863 4148 hinnulorum
1915 4091 1986 4147 ut
2028 4081 2456 4167 persequendo
2497 4102 2602 4147 eos
2626 4084 2835 4167 capiat

442 4202 505 4263 et
566 4194 713 4261 telis
774 4192 1068 4281 configat.
1156 4192 1491 4258 Praeterea
1551 4191 1790 4255 scribe:
1857 4188 1959 4253 καὶ
2021 4186 2055 4253 3
2066 4204 2156 4263 λη
2223 4188 2366 4266 πρὸς
2419 4190 2502 4266 τῷ
2549 4192 2830 4273 τοιούτῳ,

440 4309 516 4367 ut
560 4304 631 4366 in
677 4300 843 4367 Dial.
896 4298 1054 4366 X11.
1103 4298 1182 4363 2:
1232 4295 1269 4363 δ’
1278 4314 1369 4373 λη
1426 4294 1578 4363 οὖσα
1626 4297 1687 4360 ἐν
1735 4296 1818 4377 τῷ
1859 4298 2066 4379 ’Ἄστη
2114 4301 2178 4360 ot
2221 4294 2518 4370 Hermot.
2566 4317 2704 4382 cap.
2753 4295 2834 4360 2:

441 4404 614 4481 ὅλος
680 4404 739 4472 εἷ
791 4408 851 4472 ἐν
912 4410 996 4486 τῷ
1059 4405 1394 4485 πράγματι
1456 4412 1521 4471 et
1590 4402 1685 4467 De
1763 4401 1968 4468 Domo
2047 4400 2160 4467 18:
2245 4398 2421 4477 ὅλος
2492 4402 2636 4485 πρὸς
2706 4408 2832 4474 τοῖς

440 4512 751 4597 ὁρωμένοις
798 4514 966 4579 ἐστίν
1012 4518 1079 4581 et
1123 4512 1354 4579 multis
1408 4510 1553 4577 aliis
1598 4508 1780 4575 locis.
