<?xml version="1.0" encoding="UTF-8"?>
<!DOCTYPE html PUBLIC "-//W3C//DTD XHTML 1.0 Transitional//EN"
    "http://www.w3.org/TR/xhtml1/DTD/xhtml1-transitional.dtd">
<html xmlns="http://www.w3.org/1999/xhtml" xml:lang="en" lang="en">
 <head>
  <title>
</title>
<meta http-equiv="Content-Type" content="text/html;charset=utf-8" />
  <meta name='ocr-system' content='tesseract 3.04.00' />
  <meta name='ocr-capabilities' content='ocr_page ocr_carea ocr_par ocr_line ocrx_word'/>
</head>
<body>
  <div class='ocr_page' id='page_1' title='image "./mnemosynevolume00verdgoog_0090.png"; bbox 0 0 3436 5161; ppageno 0'>
   <div class='ocr_carea' id='block_1_1' title="bbox 762 1225 2877 1492">
    <p class='ocr_par' dir='ltr' id='par_1_1' title="bbox 762 1225 2877 1492">
     <span class='ocr_line' id='line_1_1' title="bbox 762 1225 2877 1334; baseline 0 -2"><span class='ocrx_word' id='word_1_1' title='bbox 762 1225 1405 1333; x_wconf 88' lang='lat' dir='ltr'><strong>MONENDUM</strong></span> <span class='ocrx_word' id='word_1_2' title='bbox 1470 1229 1615 1332; x_wconf 91' lang='lat' dir='ltr'><strong>DE</strong></span> <span class='ocrx_word' id='word_1_3' title='bbox 1683 1229 2248 1334; x_wconf 78' lang='lat' dir='ltr'><strong>HERODOTI</strong></span> <span class='ocrx_word' id='word_1_4' title='bbox 2311 1226 2877 1334; x_wconf 80' lang='lat' dir='ltr'><strong>EDITIONIS</strong></span> 
     </span>
     <span class='ocr_line' id='line_1_2' title="bbox 1242 1383 2472 1492; baseline 0.004 -5"><span class='ocrx_word' id='word_1_5' title='bbox 1242 1431 1245 1434; x_wconf 42' lang='lat'><strong>⁴</strong></span> <span class='ocrx_word' id='word_1_6' title='bbox 1444 1385 1757 1488; x_wconf 88' lang='lat' dir='ltr'><strong>MEAE</strong></span> <span class='ocrx_word' id='word_1_7' title='bbox 1823 1383 2068 1489; x_wconf 88' lang='lat' dir='ltr'><strong>VOL.</strong></span> <span class='ocrx_word' id='word_1_8' title='bbox 2130 1383 2199 1492; x_wconf 95' lang='grc' dir='ltr'><strong>Ι.</strong></span> <span class='ocrx_word' id='word_1_9' title='bbox 2455 1441 2472 1457; x_wconf 93' lang='grc'>-</span> 
     </span>
    </p>
   </div>
   <div class='ocr_carea' id='block_1_2' title="bbox 1618 1735 2032 1786">
    <p class='ocr_par' dir='ltr' id='par_1_2' title="bbox 1618 1735 2032 1786">
     <span class='ocr_line' id='line_1_3' title="bbox 1618 1735 2032 1786; baseline 0 -12"><span class='ocrx_word' id='word_1_10' title='bbox 1618 1735 2032 1786; x_wconf 53' lang='lat' dir='ltr'><strong>w-</strong></span> 
     </span>
    </p>
   </div>
   <div class='ocr_carea' id='block_1_3' title="bbox 556 2030 3020 4430">
    <p class='ocr_par' dir='ltr' id='par_1_3' title="bbox 556 2030 3019 3613">
     <span class='ocr_line' id='line_1_4' title="bbox 730 2030 3016 2124; baseline -0.001 -26"><span class='ocrx_word' id='word_1_11' title='bbox 730 2031 1104 2098; x_wconf 67' lang='lat' dir='ltr'><strong>satisfacere</strong></span> <span class='ocrx_word' id='word_1_12' title='bbox 1152 2031 1347 2097; x_wconf 89' lang='lat' dir='ltr'><strong>debeo</strong></span> <span class='ocrx_word' id='word_1_13' title='bbox 1402 2032 1673 2124; x_wconf 60' lang='lat' dir='ltr'><strong>Nnmmo</strong></span> <span class='ocrx_word' id='word_1_14' title='bbox 1721 2036 1934 2098; x_wconf 85' lang='lat' dir='ltr'><strong>nostro</strong></span> <span class='ocrx_word' id='word_1_15' title='bbox 1981 2030 2058 2096; x_wconf 88' lang='lat' dir='ltr'><strong>de</strong></span> <span class='ocrx_word' id='word_1_16' title='bbox 2102 2032 2389 2115; x_wconf 85' lang='lat' dir='ltr'><strong>iniuriis,</strong></span> <span class='ocrx_word' id='word_1_17' title='bbox 2441 2050 2599 2116; x_wconf 78' lang='lat' dir='ltr'><strong>quas</strong></span> <span class='ocrx_word' id='word_1_18' title='bbox 2645 2035 2816 2097; x_wconf 76' lang='lat' dir='ltr'><strong>certa</strong></span> <span class='ocrx_word' id='word_1_19' title='bbox 2861 2050 3016 2116; x_wconf 79' lang='lat' dir='ltr'><strong>qua-</strong></span> 
     </span>
     <span class='ocr_line' id='line_1_5' title="bbox 640 2163 3019 2251; baseline -0.001 -20"><span class='ocrx_word' id='word_1_20' title='bbox 640 2168 784 2232; x_wconf 82' lang='lat' dir='ltr'><strong>dam</strong></span> <span class='ocrx_word' id='word_1_21' title='bbox 850 2167 927 2232; x_wconf 88' lang='lat' dir='ltr'><strong>de</strong></span> <span class='ocrx_word' id='word_1_22' title='bbox 991 2187 1178 2232; x_wconf 81' lang='lat' dir='ltr'><strong>causa</strong></span> <span class='ocrx_word' id='word_1_23' title='bbox 1225 2169 1499 2231; x_wconf 89' lang='lat' dir='ltr'><strong>nimium</strong></span> <span class='ocrx_word' id='word_1_24' title='bbox 1550 2168 1855 2232; x_wconf 84' lang='lat' dir='ltr'><strong>festinans</strong></span> <span class='ocrx_word' id='word_1_25' title='bbox 1899 2167 2087 2251; x_wconf 84' lang='lat' dir='ltr'><strong>primi</strong></span> <span class='ocrx_word' id='word_1_26' title='bbox 2139 2163 2448 2230; x_wconf 83' lang='lat' dir='ltr'>Herodoti</span> <span class='ocrx_word' id='word_1_27' title='bbox 2494 2167 2622 2230; x_wconf 89' lang='lat' dir='ltr'><strong>mei</strong></span> <span class='ocrx_word' id='word_1_28' title='bbox 2672 2165 3019 2232; x_wconf 84' lang='lat' dir='ltr'><strong>voluminis</strong></span> 
     </span>
     <span class='ocr_line' id='line_1_6' title="bbox 640 2301 3018 2388; baseline -0.001 -20"><span class='ocrx_word' id='word_1_29' title='bbox 640 2303 979 2368; x_wconf 82' lang='lat' dir='ltr'><strong>editionem</strong></span> <span class='ocrx_word' id='word_1_30' title='bbox 1032 2305 1399 2388; x_wconf 82' lang='lat' dir='ltr'><strong>imprudens</strong></span> <span class='ocrx_word' id='word_1_31' title='bbox 1448 2305 1507 2368; x_wconf 93' lang='lat' dir='ltr'><strong>ei</strong></span> <span class='ocrx_word' id='word_1_32' title='bbox 1552 2301 1786 2387; x_wconf 85' lang='lat' dir='ltr'><strong>intuli,</strong></span> <span class='ocrx_word' id='word_1_33' title='bbox 1837 2303 2159 2386; x_wconf 80' lang='lat' dir='ltr'><strong>aliquanto</strong></span> <span class='ocrx_word' id='word_1_34' title='bbox 2208 2305 2411 2368; x_wconf 81' lang='lat' dir='ltr'><strong>rarius</strong></span> <span class='ocrx_word' id='word_1_35' title='bbox 2458 2323 2649 2387; x_wconf 79' lang='lat' dir='ltr'><strong>quem</strong></span> <span class='ocrx_word' id='word_1_36' title='bbox 2675 2322 2788 2388; x_wconf 79' lang='lat' dir='ltr'><strong>par</strong></span> <span class='ocrx_word' id='word_1_37' title='bbox 2811 2302 3018 2368; x_wconf 78' lang='lat' dir='ltr'><strong>fuerat</strong></span> 
     </span>
     <span class='ocr_line' id='line_1_7' title="bbox 638 2435 3015 2525; baseline -0.003 -19"><span class='ocrx_word' id='word_1_38' title='bbox 638 2443 777 2506; x_wconf 87' lang='lat' dir='ltr'><strong>eius</strong></span> <span class='ocrx_word' id='word_1_39' title='bbox 839 2440 1385 2505; x_wconf 80' lang='lat' dir='ltr'><strong>emendationibus</strong></span> <span class='ocrx_word' id='word_1_40' title='bbox 1450 2439 1658 2524; x_wconf 81' lang='lat' dir='ltr'><strong>(factis</strong></span> <span class='ocrx_word' id='word_1_41' title='bbox 1722 2441 1791 2503; x_wconf 94' lang='lat' dir='ltr'><strong>in</strong></span> <span class='ocrx_word' id='word_1_42' title='bbox 1853 2437 2268 2525; x_wconf 81' lang='lat' dir='ltr'><strong>Mnemosyne</strong></span> <span class='ocrx_word' id='word_1_43' title='bbox 2328 2458 2384 2503; x_wconf 76' lang='lat' dir='ltr'><strong>a.</strong></span> <span class='ocrx_word' id='word_1_44' title='bbox 2454 2437 2627 2502; x_wconf 84' lang='lat'>1853</span> <span class='ocrx_word' id='word_1_45' title='bbox 2689 2443 2753 2503; x_wconf 90' lang='lat' dir='ltr'><strong>et</strong></span> <span class='ocrx_word' id='word_1_46' title='bbox 2815 2435 3015 2522; x_wconf 85' lang='lat'>1854)</span> 
     </span>
     <span class='ocr_line' id='line_1_8' title="bbox 636 2562 3016 2664; baseline -0.001 -22"><span class='ocrx_word' id='word_1_47' title='bbox 636 2577 1009 2663; x_wconf 89' lang='lat' dir='ltr'><strong>recipiendis</strong></span> <span class='ocrx_word' id='word_1_48' title='bbox 1074 2585 1185 2643; x_wconf 81' lang='lat' dir='ltr'><strong>aut</strong></span> <span class='ocrx_word' id='word_1_49' title='bbox 1214 2654 1220 2661; x_wconf 80' lang='lat'><strong>.</strong></span> <span class='ocrx_word' id='word_1_50' title='bbox 1246 2575 1851 2660; x_wconf 81' lang='lat' dir='ltr'><strong>commemorandis,</strong></span> <span class='ocrx_word' id='word_1_51' title='bbox 1911 2574 2064 2641; x_wconf 88' lang='lat' dir='ltr'><strong>licet</strong></span> <span class='ocrx_word' id='word_1_52' title='bbox 2123 2596 2198 2641; x_wconf 83' lang='lat' dir='ltr'><strong>ea</strong></span> <span class='ocrx_word' id='word_1_53' title='bbox 2259 2574 2667 2664; x_wconf 74' lang='lat' dir='ltr'><strong>neglegentia</strong></span> <span class='ocrx_word' id='word_1_54' title='bbox 2713 2562 2794 2641; x_wconf 48' lang='lat' dir='ltr'><strong>et*</strong></span> <span class='ocrx_word' id='word_1_55' title='bbox 2819 2573 3016 2641; x_wconf 88' lang='lat' dir='ltr'><strong>Hero·</strong></span> 
     </span>
     <span class='ocr_line' id='line_1_9' title="bbox 638 2710 3014 2797; baseline -0 -20"><span class='ocrx_word' id='word_1_56' title='bbox 638 2713 771 2778; x_wconf 92' lang='lat' dir='ltr'><strong>doti</strong></span> <span class='ocrx_word' id='word_1_57' title='bbox 832 2713 1173 2778; x_wconf 82' lang='lat' dir='ltr'><strong>lectoribus</strong></span> <span class='ocrx_word' id='word_1_58' title='bbox 1234 2720 1297 2777; x_wconf 90' lang='lat' dir='ltr'><strong>et</strong></span> <span class='ocrx_word' id='word_1_59' title='bbox 1358 2712 1522 2776; x_wconf 91' lang='lat' dir='ltr'><strong>mihi</strong></span> <span class='ocrx_word' id='word_1_60' title='bbox 1568 2711 1714 2797; x_wconf 91' lang='lat' dir='ltr'><strong>plus</strong></span> <span class='ocrx_word' id='word_1_61' title='bbox 1761 2732 1954 2795; x_wconf 80' lang='lat' dir='ltr'><strong>quam</strong></span> <span class='ocrx_word' id='word_1_62' title='bbox 2001 2711 2104 2777; x_wconf 80' lang='lat' dir='ltr'><strong>iili</strong></span> <span class='ocrx_word' id='word_1_63' title='bbox 2149 2711 2494 2777; x_wconf 83' lang='lat' dir='ltr'><strong>nocuerim.</strong></span> <span class='ocrx_word' id='word_1_64' title='bbox 2567 2710 2770 2777; x_wconf 82' lang='lat' dir='ltr'><strong>Cuius</strong></span> <span class='ocrx_word' id='word_1_65' title='bbox 2816 2730 3014 2797; x_wconf 79' lang='lat' dir='ltr'><strong>paene</strong></span> 
     </span>
     <span class='ocr_line' id='line_1_10' title="bbox 636 2812 3017 2933; baseline 0 -21"><span class='ocrx_word' id='word_1_66' title='bbox 636 2847 1027 2912; x_wconf 85' lang='lat' dir='ltr'><strong>incredibilis</strong></span> <span class='ocrx_word' id='word_1_67' title='bbox 1072 2847 1318 2931; x_wconf 88' lang='lat' dir='ltr'><strong>(quidni</strong></span> <span class='ocrx_word' id='word_1_68' title='bbox 1365 2849 1535 2912; x_wconf 89' lang='lat' dir='ltr'><strong>enim</strong></span> <span class='ocrx_word' id='word_1_69' title='bbox 1583 2812 1784 2913; x_wconf 78' lang='lat' dir='ltr'><strong>fatear</strong></span> <span class='ocrx_word' id='word_1_70' title='bbox 1797 2844 1850 2932; x_wconf 71' lang='lat' dir='ltr'><strong>Y)</strong></span> <span class='ocrx_word' id='word_1_71' title='bbox 1898 2848 2218 2914; x_wconf 75' lang='lat' dir='ltr'><strong>socordiae</strong></span> <span class='ocrx_word' id='word_1_72' title='bbox 2261 2868 2453 2913; x_wconf 72' lang='lat' dir='ltr'><strong>cause</strong></span> <span class='ocrx_word' id='word_1_73' title='bbox 2489 2848 2638 2913; x_wconf 90' lang='lat' dir='ltr'><strong>hinc</strong></span> <span class='ocrx_word' id='word_1_74' title='bbox 2677 2846 3017 2933; x_wconf 73' lang='lat' dir='ltr'><strong>repetenda</strong></span> 
     </span>
     <span class='ocr_line' id='line_1_11' title="bbox 640 2962 3016 3071; baseline -0 -23"><span class='ocrx_word' id='word_1_75' title='bbox 640 2990 770 3061; x_wconf 84' lang='lat' dir='ltr'><strong>est,</strong></span> <span class='ocrx_word' id='word_1_76' title='bbox 838 2985 1001 3067; x_wconf 91' lang='lat' dir='ltr'><strong>quod</strong></span> <span class='ocrx_word' id='word_1_77' title='bbox 1058 2981 1213 3047; x_wconf 88' lang='lat' dir='ltr'><strong>olim</strong></span> <span class='ocrx_word' id='word_1_78' title='bbox 1268 2982 1525 3047; x_wconf 76' lang='lat' dir='ltr'><strong>illarum</strong></span> <span class='ocrx_word' id='word_1_79' title='bbox 1575 2962 2092 3049; x_wconf 66' lang='lat' dir='ltr'><strong>emendetionum</strong></span> <span class='ocrx_word' id='word_1_80' title='bbox 2139 2991 2387 3069; x_wconf 79' lang='lat' dir='ltr'><strong>partem</strong></span> <span class='ocrx_word' id='word_1_81' title='bbox 2434 2984 2502 3047; x_wconf 91' lang='lat' dir='ltr'><strong>in</strong></span> <span class='ocrx_word' id='word_1_82' title='bbox 2548 2984 2838 3071; x_wconf 79' lang='lat' dir='ltr'><strong>margine</strong></span> <span class='ocrx_word' id='word_1_83' title='bbox 2883 2984 3016 3048; x_wconf 90' lang='lat' dir='ltr'><strong>mei</strong></span> 
     </span>
     <span class='ocr_line' id='line_1_12' title="bbox 638 3120 3017 3205; baseline -0.002 -18"><span class='ocrx_word' id='word_1_84' title='bbox 638 3120 1017 3203; x_wconf 81' lang='lat' dir='ltr'><strong>exemplaris</strong></span> <span class='ocrx_word' id='word_1_85' title='bbox 1063 3126 1509 3184; x_wconf 76' lang='lat' dir='ltr'><strong>annotaveram</strong></span> <span class='ocrx_word' id='word_1_86' title='bbox 1534 3167 1550 3198; x_wconf 87' lang='lat'>,</span> <span class='ocrx_word' id='word_1_87' title='bbox 1592 3126 1812 3204; x_wconf 80' lang='lat' dir='ltr'><strong>postea</strong></span> <span class='ocrx_word' id='word_1_88' title='bbox 1849 3141 1999 3187; x_wconf 82' lang='lat' dir='ltr'><strong>vero</strong></span> <span class='ocrx_word' id='word_1_89' title='bbox 2035 3122 2101 3185; x_wconf 92' lang='lat' dir='ltr'><strong>in</strong></span> <span class='ocrx_word' id='word_1_90' title='bbox 2141 3120 2378 3187; x_wconf 90' lang='lat' dir='ltr'><strong>edendo</strong></span> <span class='ocrx_word' id='word_1_91' title='bbox 2417 3126 2758 3205; x_wconf 82' lang='lat' dir='ltr'><strong>occupatus</strong></span> <span class='ocrx_word' id='word_1_92' title='bbox 2797 3139 3017 3185; x_wconf 87' lang='lat' dir='ltr'><strong>omnes</strong></span> 
     </span>
     <span class='ocr_line' id='line_1_13' title="bbox 637 3254 3016 3340; baseline -0.001 -20"><span class='ocrx_word' id='word_1_93' title='bbox 637 3276 741 3320; x_wconf 94' lang='lat' dir='ltr'><strong>me</strong></span> <span class='ocrx_word' id='word_1_94' title='bbox 789 3264 1116 3319; x_wconf 74' lang='lat' dir='ltr'><strong>annotasse</strong></span> <span class='ocrx_word' id='word_1_95' title='bbox 1161 3256 1415 3340; x_wconf 82' lang='lat' dir='ltr'><strong>putavi:</strong></span> <span class='ocrx_word' id='word_1_96' title='bbox 1473 3276 1662 3339; x_wconf 79' lang='lat' dir='ltr'><strong>quem</strong></span> <span class='ocrx_word' id='word_1_97' title='bbox 1713 3276 1846 3320; x_wconf 89' lang='lat' dir='ltr'><strong>rem</strong></span> <span class='ocrx_word' id='word_1_98' title='bbox 1897 3254 2082 3321; x_wconf 82' lang='lat' dir='ltr'><strong>aliter</strong></span> <span class='ocrx_word' id='word_1_99' title='bbox 2129 3276 2193 3320; x_wconf 90' lang='lat' dir='ltr'><strong>se</strong></span> <span class='ocrx_word' id='word_1_100' title='bbox 2242 3255 2472 3321; x_wconf 81' lang='lat' dir='ltr'><strong>habere</strong></span> <span class='ocrx_word' id='word_1_101' title='bbox 2517 3255 2678 3321; x_wconf 87' lang='lat' dir='ltr'><strong>eheu</strong></span> <span class='ocrx_word' id='word_1_102' title='bbox 2723 3276 2846 3321; x_wconf 90' lang='lat' dir='ltr'><strong>non</strong></span> <span class='ocrx_word' id='word_1_103' title='bbox 2887 3256 3016 3319; x_wconf 91' lang='lat' dir='ltr'><strong>nisi</strong></span> 
     </span>
     <span class='ocr_line' id='line_1_14' title="bbox 638 3390 3018 3476; baseline 0 -21"><span class='ocrx_word' id='word_1_104' title='bbox 638 3410 773 3456; x_wconf 90' lang='lat' dir='ltr'><strong>sero</strong></span> <span class='ocrx_word' id='word_1_105' title='bbox 820 3390 1257 3455; x_wconf 82' lang='lat' dir='ltr'><strong>animadverti.</strong></span> <span class='ocrx_word' id='word_1_106' title='bbox 1334 3390 1504 3456; x_wconf 89' lang='lat' dir='ltr'><strong>Hinc</strong></span> <span class='ocrx_word' id='word_1_107' title='bbox 1552 3412 1800 3476; x_wconf 90' lang='lat' dir='ltr'><strong>quoque</strong></span> <span class='ocrx_word' id='word_1_108' title='bbox 1848 3395 2086 3456; x_wconf 76' lang='lat' dir='ltr'><strong>fectum</strong></span> <span class='ocrx_word' id='word_1_109' title='bbox 2136 3396 2230 3457; x_wconf 81' lang='lat' dir='ltr'><strong>est</strong></span> <span class='ocrx_word' id='word_1_110' title='bbox 2279 3398 2352 3456; x_wconf 89' lang='lat' dir='ltr'><strong>ut</strong></span> <span class='ocrx_word' id='word_1_111' title='bbox 2395 3391 2661 3457; x_wconf 83' lang='lat' dir='ltr'><strong>subinde</strong></span> <span class='ocrx_word' id='word_1_112' title='bbox 2699 3398 2811 3458; x_wconf 76' lang='lat' dir='ltr'><strong>cut</strong></span> <span class='ocrx_word' id='word_1_113' title='bbox 2849 3392 3018 3456; x_wconf 91' lang='lat' dir='ltr'><strong>mihi</strong></span> 
     </span>
     <span class='ocr_line' id='line_1_15' title="bbox 556 3524 2890 3613; baseline 0.002 -22"><span class='ocrx_word' id='word_1_114' title='bbox 556 3604 561 3607; x_wconf 22' lang='lat'>¹</span> <span class='ocrx_word' id='word_1_115' title='bbox 640 3532 753 3591; x_wconf 81' lang='lat' dir='ltr'><strong>eut</strong></span> <span class='ocrx_word' id='word_1_116' title='bbox 800 3524 1039 3592; x_wconf 85' lang='lat' dir='ltr'><strong>Cobeto</strong></span> <span class='ocrx_word' id='word_1_117' title='bbox 1086 3530 1499 3593; x_wconf 88' lang='lat' dir='ltr'><strong>correctiones</strong></span> <span class='ocrx_word' id='word_1_118' title='bbox 1546 3527 1788 3592; x_wconf 91' lang='lat' dir='ltr'><strong>dudum</strong></span> <span class='ocrx_word' id='word_1_119' title='bbox 1840 3529 1918 3593; x_wconf 78' lang='lat' dir='ltr'><strong>ab</strong></span> <span class='ocrx_word' id='word_1_120' title='bbox 1964 3526 2080 3593; x_wconf 89' lang='lat' dir='ltr'><strong>illo</strong></span> <span class='ocrx_word' id='word_1_121' title='bbox 2124 3530 2478 3613; x_wconf 81' lang='lat' dir='ltr'><strong>propositas</strong></span> <span class='ocrx_word' id='word_1_122' title='bbox 2525 3530 2890 3595; x_wconf 79' lang='lat' dir='ltr'><strong>tribuerem.</strong></span> 
     </span>
    </p>

    <p class='ocr_par' dir='ltr' id='par_1_4' title="bbox 638 3662 3020 4160">
     <span class='ocr_line' id='line_1_16' title="bbox 728 3662 3020 3750; baseline -0 -22"><span class='ocrx_word' id='word_1_123' title='bbox 728 3662 900 3729; x_wconf 88' lang='lat' dir='ltr'><strong>Scito</strong></span> <span class='ocrx_word' id='word_1_124' title='bbox 966 3664 1171 3750; x_wconf 91' lang='lat' dir='ltr'><strong>igitur</strong></span> <span class='ocrx_word' id='word_1_125' title='bbox 1234 3664 1535 3729; x_wconf 77' lang='lat' dir='ltr'><strong>editionis</strong></span> <span class='ocrx_word' id='word_1_126' title='bbox 1593 3684 1774 3729; x_wconf 78' lang='lat' dir='ltr'><strong>meae</strong></span> <span class='ocrx_word' id='word_1_127' title='bbox 1833 3664 2030 3729; x_wconf 89' lang='lat' dir='ltr'><strong>lector</strong></span> <span class='ocrx_word' id='word_1_128' title='bbox 2090 3685 2126 3730; x_wconf 81' lang='lat' dir='ltr'><strong>a</strong></span> <span class='ocrx_word' id='word_1_129' title='bbox 2186 3664 2436 3729; x_wconf 80' lang='lat' dir='ltr'><strong>Nabero</strong></span> <span class='ocrx_word' id='word_1_130' title='bbox 2483 3662 2638 3730; x_wconf 90' lang='lat' dir='ltr'><strong>olim</strong></span> <span class='ocrx_word' id='word_1_131' title='bbox 2684 3668 3020 3750; x_wconf 76' lang='lat' dir='ltr'><strong>occupatas</strong></span> 
     </span>
     <span class='ocr_line' id='line_1_17' title="bbox 641 3796 3019 3887; baseline -0 -21"><span class='ocrx_word' id='word_1_132' title='bbox 641 3822 772 3867; x_wconf 88' lang='lat' dir='ltr'><strong>esse</strong></span> <span class='ocrx_word' id='word_1_133' title='bbox 838 3802 1311 3868; x_wconf 80' lang='lat' dir='ltr'><strong>emendationes</strong></span> <span class='ocrx_word' id='word_1_134' title='bbox 1370 3806 1649 3887; x_wconf 81' lang='lat' dir='ltr'><strong>receptas</strong></span> <span class='ocrx_word' id='word_1_135' title='bbox 1707 3801 1875 3866; x_wconf 91' lang='lat' dir='ltr'><strong>mihi</strong></span> <span class='ocrx_word' id='word_1_136' title='bbox 1935 3801 1968 3865; x_wconf 96' lang='lat' dir='ltr'>I</span> <span class='ocrx_word' id='word_1_137' title='bbox 2032 3800 2149 3881; x_wconf 84' lang='lat'><strong>¹73,</strong></span> <span class='ocrx_word' id='word_1_138' title='bbox 2211 3802 2315 3865; x_wconf 88' lang='lat'><strong>14.</strong></span> <span class='ocrx_word' id='word_1_139' title='bbox 2378 3800 2543 3886; x_wconf 88' lang='lat'>181,</span> <span class='ocrx_word' id='word_1_140' title='bbox 2594 3799 2698 3865; x_wconf 86' lang='lat'><strong>14.</strong></span> <span class='ocrx_word' id='word_1_141' title='bbox 2747 3797 2900 3877; x_wconf 83' lang='grc'><strong>207,</strong></span> <span class='ocrx_word' id='word_1_142' title='bbox 2953 3796 3019 3866; x_wconf 83' lang='grc'><strong>7.</strong></span> 
     </span>
     <span class='ocr_line' id='line_1_18' title="bbox 638 3934 3020 4021; baseline -0 -20"><span class='ocrx_word' id='word_1_143' title='bbox 638 3936 808 4015; x_wconf 85' lang='grc'><strong>225,</strong></span> <span class='ocrx_word' id='word_1_144' title='bbox 876 3938 939 4003; x_wconf 89' lang='grc'><strong>4.</strong></span> <span class='ocrx_word' id='word_1_145' title='bbox 1000 3935 1063 4001; x_wconf 93' lang='lat'><strong>11</strong></span> <span class='ocrx_word' id='word_1_146' title='bbox 1130 3938 1202 4014; x_wconf 91' lang='lat'><strong>1,</strong></span> <span class='ocrx_word' id='word_1_147' title='bbox 1264 3936 1325 4004; x_wconf 85' lang='lat'><strong>5.</strong></span> <span class='ocrx_word' id='word_1_148' title='bbox 1388 3936 1556 4020; x_wconf 87' lang='grc'><strong>125,</strong></span> <span class='ocrx_word' id='word_1_149' title='bbox 1608 3936 1687 4011; x_wconf 92' lang='grc'><strong>5,</strong></span> <span class='ocrx_word' id='word_1_150' title='bbox 1737 3936 1962 4001; x_wconf 88' lang='lat' dir='ltr'><strong>deinde</strong></span> <span class='ocrx_word' id='word_1_151' title='bbox 2005 3956 2112 4001; x_wconf 88' lang='lat' dir='ltr'><strong>me</strong></span> <span class='ocrx_word' id='word_1_152' title='bbox 2157 3936 2368 4001; x_wconf 85' lang='lat' dir='ltr'><strong>dolere</strong></span> <span class='ocrx_word' id='word_1_153' title='bbox 2413 3934 2580 4021; x_wconf 87' lang='lat' dir='ltr'><strong>quod</strong></span> <span class='ocrx_word' id='word_1_154' title='bbox 2627 3956 2772 4001; x_wconf 80' lang='lat' dir='ltr'><strong>mea</strong></span> <span class='ocrx_word' id='word_1_155' title='bbox 2815 3936 3020 4021; x_wconf 84' lang='lat' dir='ltr'><strong>ipsius</strong></span> 
     </span>
     <span class='ocr_line' id='line_1_19' title="bbox 642 4072 2699 4160; baseline -0 -23"><span class='ocrx_word' id='word_1_156' title='bbox 642 4072 830 4158; x_wconf 79' lang='lat' dir='ltr'><strong>eulpa</strong></span> <span class='ocrx_word' id='word_1_157' title='bbox 874 4093 999 4137; x_wconf 91' lang='lat' dir='ltr'><strong>non</strong></span> <span class='ocrx_word' id='word_1_158' title='bbox 1043 4075 1447 4160; x_wconf 79' lang='lat' dir='ltr'><strong>cognoverim</strong></span> <span class='ocrx_word' id='word_1_159' title='bbox 1496 4072 1659 4138; x_wconf 84' lang='lat' dir='ltr'><strong>hanc</strong></span> <span class='ocrx_word' id='word_1_160' title='bbox 1707 4074 1834 4138; x_wconf 85' lang='lat' dir='ltr'><strong>viri</strong></span> <span class='ocrx_word' id='word_1_161' title='bbox 1879 4074 2231 4157; x_wconf 76' lang='lat' dir='ltr'><strong>acutissimi</strong></span> <span class='ocrx_word' id='word_1_162' title='bbox 2276 4073 2699 4139; x_wconf 82' lang='lat' dir='ltr'><strong>coniecturas:</strong></span> 
     </span>
    </p>

    <p class='ocr_par' dir='ltr' id='par_1_5' title="bbox 735 4206 2094 4289">
     <span class='ocr_line' id='line_1_20' title="bbox 735 4206 2094 4289; baseline -0.001 -16"><span class='ocrx_word' id='word_1_163' title='bbox 735 4209 801 4289; x_wconf 86' lang='lat' dir='ltr'><strong>I,</strong></span> <span class='ocrx_word' id='word_1_164' title='bbox 858 4209 932 4287; x_wconf 87' lang='lat' dir='ltr'><strong>l,</strong></span> <span class='ocrx_word' id='word_1_165' title='bbox 982 4206 1022 4273; x_wconf 88' lang='grc'><strong>9</strong></span> <span class='ocrx_word' id='word_1_166' title='bbox 1072 4210 1411 4283; x_wconf 72' lang='grc' dir='ltr'><strong><em>οἰκίσαντες</em></strong></span> <span class='ocrx_word' id='word_1_167' title='bbox 1442 4247 1523 4259; x_wconf 91' lang='lat'><em>-</em></span> <span class='ocrx_word' id='word_1_168' title='bbox 1552 4209 1657 4275; x_wconf 68' lang='lat' dir='ltr'><strong>xa}</strong></span> <span class='ocrx_word' id='word_1_169' title='bbox 1704 4214 1808 4275; x_wconf 83' lang='grc' dir='ltr'><strong>νῦν</strong></span> <span class='ocrx_word' id='word_1_170' title='bbox 1854 4207 2094 4285; x_wconf 78' lang='grc' dir='ltr'>&lt;ἔτι&gt;.</span> 
     </span>
    </p>

    <p class='ocr_par' dir='ltr' id='par_1_6' title="bbox 734 4344 1701 4430">
     <span class='ocr_line' id='line_1_21' title="bbox 734 4344 1701 4430; baseline 0.002 -21"><span class='ocrx_word' id='word_1_171' title='bbox 734 4393 769 4424; x_wconf 85' lang='grc'><strong>,,</strong></span> <span class='ocrx_word' id='word_1_172' title='bbox 846 4344 924 4430; x_wconf 84' lang='grc'><strong>4,</strong></span> <span class='ocrx_word' id='word_1_173' title='bbox 978 4346 1061 4411; x_wconf 89' lang='lat'><strong>14</strong></span> <span class='ocrx_word' id='word_1_174' title='bbox 1107 4346 1217 4420; x_wconf 69' lang='grc' dir='ltr'><strong>τὴν</strong></span> <span class='ocrx_word' id='word_1_175' title='bbox 1265 4347 1505 4425; x_wconf 72' lang='grc' dir='ltr'>&lt;μέν&gt;</span> <span class='ocrx_word' id='word_1_176' title='bbox 1553 4346 1701 4426; x_wconf 71' lang='grc' dir='ltr'><strong>γὰρ.</strong></span> 
     </span>
    </p>
   </div>
   <div class='ocr_carea' id='block_1_4' title="bbox 734 4480 1836 4565">
    <p class='ocr_par' dir='ltr' id='par_1_7' title="bbox 734 4480 1836 4565">
     <span class='ocr_line' id='line_1_22' title="bbox 734 4480 1836 4565; baseline 0.001 -17"><span class='ocrx_word' id='word_1_177' title='bbox 734 4530 769 4563; x_wconf 82' lang='grc'><strong>,,</strong></span> <span class='ocrx_word' id='word_1_178' title='bbox 848 4481 967 4563; x_wconf 85' lang='grc'><strong>10,</strong></span> <span class='ocrx_word' id='word_1_179' title='bbox 1022 4481 1105 4547; x_wconf 92' lang='grc'><strong>10</strong></span> <span class='ocrx_word' id='word_1_180' title='bbox 1152 4486 1301 4565; x_wconf 69' lang='grc' dir='ltr'><strong>παρ’</strong></span> <span class='ocrx_word' id='word_1_181' title='bbox 1350 4480 1606 4554; x_wconf 67' lang='grc' dir='ltr'><strong><em>ἅπασι</em></strong></span> <span class='ocrx_word' id='word_1_182' title='bbox 1657 4490 1836 4549; x_wconf 77' lang='grc' dir='ltr'><strong><em>τοῖσι.</em></strong></span> 
     </span>
    </p>
   </div>
   <div class='ocr_carea' id='block_1_5' title="bbox 3388 3732 3391 4333">
    <p class='ocr_par' dir='ltr' id='par_1_8' title="bbox 3388 3732 3391 4333">
     <span class='ocr_line' id='line_1_23' title="bbox 3388 3732 3391 4333; baseline 0 0"><span class='ocrx_word' id='word_1_183' title='bbox 3388 3732 3391 4333; x_wconf 95' lang='lat' dir='ltr'><strong> </strong></span> 
     </span>
    </p>
   </div>
  </div>
 </body>
</html>
