3436 5161
692 356 782 424 44
1760 373 2001 422 olonae.

787 541 893 607 31.
961 541 1235 621 „Dicam
1283 539 1646 606 mehercule
1691 539 1881 624 (quae
1929 557 2047 626 ego
2094 537 2337 604 maiora
2382 557 2515 602 esse
2561 533 2968 622 intellegam)
3010 539 3077 601 et

689 655 1056 716 contemnar
1098 670 1137 715 a
1184 653 1248 714 te
1289 647 1552 715 fortasse
1570 696 1589 732 ‚
1631 667 1780 712 cum
1821 650 1893 711 tu
1933 648 2059 710 ista
2098 643 2393 710 caelestia
2436 643 2539 730 [de
2562 641 2850 729 Scipione
2888 662 3075 728 quae-

687 757 933 839 sieris],
982 775 1102 842 ego
1150 759 1367 820 autem
1415 753 1571 820 haec
1587 801 1605 833 ,
1656 773 1817 838 quae
1867 751 2165 820 videntur
2214 757 2360 816 ante
2400 749 2615 816 oculos
2654 770 2822 830 esse,
2862 751 3074 837 magis

688 867 911 949 putem
961 859 1380 948 quaerenda.”

777 968 962 1035 Nihil
1010 968 1323 1035 attinebat
1372 969 1810 1054 quaestionem
1846 965 2131 1052 Scipioni
2170 967 2558 1052 propositam
2598 985 2765 1044 esse;
2810 983 2884 1030 eo
2908 963 3075 1050 quod

689 1075 938 1141 Tubero
986 1078 1384 1161 quaesiverat
1430 1095 1467 1140 a
1507 1072 1839 1160 Scipione,
1881 1073 2035 1159 quid
2074 1074 2134 1138 ei
2173 1073 2494 1140 videretur
2537 1071 2615 1138 de
2650 1069 2896 1137 duobus
2921 1069 3072 1136 soli-

689 1183 808 1249 bus
828 1229 846 1262 ,
893 1203 1020 1248 non
1067 1187 1203 1248 erat
1248 1179 1506 1249 Laelius
1551 1179 2067 1246 contemnendus.

781 1393 890 1461 32.
940 1391 1195 1472 „Solem
1239 1393 1513 1460 alterum
1555 1414 1635 1460 ne
1669 1395 2069 1461 metueritis:
2098 1397 2210 1458 aut
2234 1395 2407 1458 enim
2433 1393 2653 1458 nullus
2676 1413 2807 1458 esse
2832 1395 3075 1477 potest,

685 1505 800 1567 aut
867 1502 955 1568 sit
1015 1522 1200 1586 sane,
1263 1507 1338 1566 ut
1395 1503 1575 1568 visus
1639 1508 1767 1578 est,
1834 1501 2024 1568 modo
2086 1521 2165 1566 ne
2226 1502 2312 1567 sit
2367 1498 2706 1577 molestus3
2760 1509 2869 1563 aut
2912 1500 3073 1564 scire

685 1607 956 1674 istarum
1025 1628 1240 1674 rerum
1285 1607 1451 1674 nihil
1473 1657 1490 1686 ,
1543 1614 1655 1674 aut
1701 1609 1955 1674 etiamsi
2000 1610 2284 1673 maxime
2330 1607 2607 1673 sciamus
2625 1655 2643 1690 ,
2688 1626 2805 1672 neo
2850 1603 3072 1671 melio·

683 1734 786 1781 res
833 1715 912 1780 ob
960 1734 1102 1780 eam
1150 1716 1484 1780 scientiam
1534 1735 1648 1780 nec
1695 1715 2008 1781 beatiores
2058 1735 2191 1780 esse
2236 1713 2641 1800 possumus.”

777 1823 902 1884 Aut
949 1825 1094 1886 ante
1139 1821 1292 1886 scire
1329 1819 1534 1887 alieno
1573 1821 1712 1888 loco
1752 1824 2065 1888 insertum
2106 1826 2238 1907 est,
2279 1842 2430 1887 cum
2478 1820 2717 1887 alicubi
2760 1823 2829 1886 in
2865 1820 3075 1906 proxi·

685 1927 813 1992 mis
876 1930 1186 1993 omissum
1208 1975 1224 2006 ‚
1286 1930 1356 1992 in
1411 1930 1704 2016 margine
1748 1930 2031 2014 positum
2079 1932 2244 1994 esset
2290 1933 2355 1994 et
2400 1929 2561 1993 vitio
2606 1928 2706 1992 bis
2751 1928 3073 2013 positum3

683 2052 808 2098 non
871 2032 1128 2099 videtur
1190 2054 1269 2099 ex
1331 2056 1470 2097 nam
1530 2039 1901 2120 corruptum
1922 2081 1938 2113 ,
2002 2039 2077 2099 ut
2138 2033 2465 2121 Kayserus
2514 2033 2759 2099 iudicat
2775 2054 2793 2111 3
2841 2033 3075 2099 melius

685 2143 850 2204 esset
870 2187 886 2216 ,
953 2141 1068 2204 etsi
1133 2161 1260 2207 non
1305 2143 1763 2216 necessarium,
1805 2140 2083 2206 fulcrum
2130 2140 2389 2226 aliquod
2436 2139 2640 2208 veluti
2690 2141 2890 2218 „scire
2936 2140 3073 2227 qui-

686 2243 872 2309 demss'
933 2245 1250 2312 Maiorem
1313 2245 1758 2313 difficultatem
1815 2247 2051 2313 habent
2118 2247 2475 2332 superiora:
2543 2247 2652 2314 vix
2722 2251 2891 2312 recte
2961 2267 3074 2332 per

690 2351 1078 2420 disiunctiva
1137 2360 1244 2417 aut
1295 2389 1377 2402 —
1428 2361 1534 2417 aut
1581 2352 1958 2440 copulantur
2004 2354 2369 2420 membrum
2418 2351 2875 2419 affirmativum
2926 2353 3075 2435 (esee

680 2460 896 2543 potest)
945 2464 1010 2525 et
1058 2461 1490 2526 concessivum
1544 2460 1653 2544 (cit
1698 2482 1843 2524 sane
1860 2507 1876 2538 ‚
1926 2462 2092 2525 modo
2138 2483 2212 2526 ne
2256 2467 2337 2524 cit
2378 2458 2701 2546 molestus).
2772 2458 3072 2524 Desidero

687 2565 767 2633 ad
829 2565 1190 2633 leniendam
1250 2568 1662 2652 asperitatem
1728 2569 2174 2653 oppositionis:
2238 2571 2421 2645 „aut-
2450 2568 2621 2633 enim
2682 2563 2902 2631 nullus
2948 2575 3071 2650 eat,

687 2680 796 2739 aut
839 2680 896 2737 es·
939 2694 1074 2740 esse
1119 2678 1363 2759 potest,
1411 2676 1497 2739 sit
1536 2695 1684 2740 sane
1728 2680 1805 2739 ut
1836 2674 2026 2742 visus
2068 2678 2201 2753 est,
2236 2674 2427 2743 modo
2465 2694 2544 2739 ne
2582 2676 2669 2739 sit
2708 2670 3075 2739 molestus.”

684 2778 816 2847 Hic
876 2800 1124 2866 quoque
1181 2780 1514 2846 turbatum
1573 2784 1674 2846 est
1736 2788 1841 2845 aut
1902 2779 2103 2847 altero
2164 2802 2279 2848 suo
2342 2781 2481 2847 loco
2528 2782 2797 2865 omisso,
2845 2778 3073 2846 deinde

683 2885 856 2967 male
901 2892 1046 2952 ante
1091 2888 1174 2951 eit
1218 2889 1426 2971 posito
1445 2934 1462 2965 ,
1511 2907 1636 2972 quo
1683 2888 1851 2953 facto
1898 2886 2145 2973 reliqua
2190 2895 2407 2954 secuta
2452 2894 2623 2953 sunt.

775 3094 884 3163 38.
953 3097 1137 3177 „Non
1177 3101 1582 3165 committam
1607 3149 1626 3185 ‚
1677 3106 1751 3166 ut
1798 3102 1883 3167 sit
1927 3100 2257 3167 inlustrior
2298 3098 2416 3167 illa
2458 3102 2597 3186 ipsa
2634 3120 2772 3186 res,
2820 3099 2898 3166 de
2944 3118 3070 3185 qua

683 3204 1044 3290 disputem,
1094 3225 1286 3290 quam
1336 3208 1534 3272 oratio
1581 3206 1791 3273 mea.”

771 3310 972 3378 Notat
1031 3314 1267 3379 vitium
1318 3311 1843 3399 philosophorum
1897 3318 1961 3380 et
2006 3313 2241 3380 Iconss.
2263 3360 2281 3394 ,
2330 3316 2443 3399 qui
2486 3312 2715 3379 multis
2762 3314 3068 3379 cautioni-

681 3416 802 3483 bus
849 3422 914 3483 et
967 3420 1445 3505 exceptionibus
1491 3440 1629 3485 rem
1677 3440 1873 3505 quam
1918 3420 2236 3506 explicent
2281 3420 2649 3505 obscurent,
2697 3440 2737 3487 a
2772 3438 2897 3505 quo
2934 3420 3073 3505 ipse

677 3543 872 3609 prope
931 3523 1146 3589 aberat
1205 3526 1242 3610 ᾖ
1291 3522 1378 3589 38
1426 3527 1568 3591 init.
1618 3532 1682 3590 et-
1730 3524 1995 3591 Crassus
2043 3527 2121 3593 de
2168 3526 2343 3591 Orat.
2390 3528 2445 3591 Ι.
2502 3526 2669 3593 18¹7:
2720 3524 2925 3605 „nihil
2974 3529 3071 3590 est

683 3632 894 3715 enim,
960 3630 1127 3715 quod
1190 3631 1269 3697 ad
1331 3636 1534 3696 artem
1600 3631 1809 3719 redigi
1869 3635 2099 3718 possit,
2162 3635 2287 3698 nisi
2348 3632 2462 3698 ille
2522 3635 2699 3719 prius
2718 3682 2733 3707 ‚
2796 3635 2907 3717 qui
2953 3630 3069 3697 illa

679 3741 886 3821 tenet,
952 3756 1222 3823 quorum
1287 3742 1514 3803 artem·
1555 3739 1890 3804 instituere
1955 3738 2133 3817 vult,
2183 3739 2419 3805 habeat
2464 3739 2647 3805 illam
2696 3741 3025 3805 scientiam
3048 3786 3067 3823 ,

679 3848 752 3909 ut
789 3866 865 3911 ex
909 3846 991 3910 iis
1037 3844 1225 3910 rebus
1245 3890 1261 3921 ,
1313 3864 1584 3929 quarum
1635 3864 1735 3911 ars
1782 3844 2063 3911 nondum
2110 3848 2231 3929 sit,
2274 3851 2475 3911 artem
2520 3844 2761 3911 efficere
2800 3842 3066 3929 possit’'.

677 3948 782 4015 Ita
847 3946 922 4015 fit
989 3954 1064 4015 ut
1135 3948 1418 4016 definitio
1489 3953 1575 4015 sit
1644 3952 1781 4034 ipsa
1850 3972 1917 4017 re
1980 3951 2321 4017 obscurior.
2394 3950 2572 4017 Trita
2618 3952 2726 4018 via
2750 3949 3069 4015 'incedens

680 4056 980 4122 dixisset:
1037 4076 1200 4133 „non
1249 4058 1653 4121 committam
1703 4060 1779 4122 ut
1824 4060 1908 4123 sit
1950 4057 2273 4123 obscurior
2308 4078 2449 4124 mea
2488 4060 2690 4123 oratio
2729 4058 2891 4143 (sive
2916 4054 3067 4122 defi—

679 4163 868 4246 nitio)
931 4182 1122 4247 quam
1187 4162 1349 4241 res”‚
1415 4164 1797 4247 exquisitius
1861 4163 2059 4229 dixit:
2128 4184 2295 4242 „non
2364 4168 2766 4231 committam
2838 4170 2914 4227 ut
2980 4166 3069 4229 sit

677 4266 988 4333 illustrior
1051 4289 1149 4333 res
1209 4289 1404 4354 quam
1469 4268 1739 4353 oratio’',
1802 4270 1995 4355 probe
2044 4270 2274 4336 curabo
2300 4320 2316 4348 ,
2382 4276 2456 4336 ut
2500 4291 2688 4335 nemo
2735 4270 2854 4335 hoc
2900 4269 3067 4334 mihi

672 4376 872 4458 possit
935 4374 1223 4440 obiicere.
1311 4374 1496 4441 Nihil
1557 4378 1761 4463 igitur
1818 4396 1975 4461 opus
2021 4380 2378 4443 mutatione
2424 4382 2541 4443 est.
2612 4376 2713 4443 Ad
2760 4374 3067 4441 definitio-

670 4500 820 4545 nem
880 4482 974 4546 rei
1037 4480 1332 4565 publicae
1393 4482 1430 4566 §
1494 4480 1578 4546 39
1647 4486 1904 4560 „coetus
1950 4481 2393 4549 multitudinis
2438 4485 2600 4549 iuris
2647 4502 2947 4551 consensu
2998 4484 3067 4547 et
