3436 5161
1437 379 1678 430 monuo.
2632 364 2765 431 309

383 551 524 612 tum
563 549 658 610 est
697 544 1033 610 librarium
1074 547 1352 629 coepisse
1389 543 1554 610 libro
1589 544 1683 610 111
1722 547 1994 611 scribere
2035 567 2167 630 qum
2208 566 2320 630 pro
2358 568 2526 628 quom
2543 595 2559 624 ,
2600 571 2763 635 οπως

381 650 638 720 facilius
697 653 896 718 etiam
954 653 1023 716 id
1085 651 1324 717 excidit
1389 656 1532 736 post
1595 658 1699 736 qm·
1755 673 1947 737 quam
2003 652 2284 740 vulgaris
2336 654 2557 720 forma.
2632 673 2767 732 Qun

381 765 448 824 et
491 775 600 834 om
645 757 1118 824 confunduntur
1153 755 1374 822 Scaur.
1420 755 1543 842 35,
1585 759 1698 823 ubi
1740 757 1905 823 illud
1938 758 2347 826 Taurinemis
2370 810 2385 837 ,
2428 761 2547 827 hoc
2570 763 2765 848 paulo

377 867 692 932 recentior
734 866 859 930 Am
868 865 960 928 br.
1009 862 1189 948 (Fuit
1234 861 1492 946 Halm,
1539 863 1739 941 fuisse
1784 863 2015 928 dicitur
2056 865 2351 952 Kayser).

472 969 748 1036 Nullum
795 989 873 1036 ex
919 967 1234 1034 Tullianis
1279 969 1576 1054 operibus
1613 972 1827 1057 magis
1864 970 2171 1038 Socratici
2211 969 2453 1058 dialogi
2492 974 2765 1039 formam

379 1075 674 1142 retulisse
734 1075 991 1142 videtur
1037 1095 1230 1160 quam
1277 1075 1356 1140 de
1403 1073 1498 1140 Re
1535 1074 1825 1141 Publica.
1874 1075 2336 1161 Disputabatur
2374 1080 2443 1144 in
2484 1078 2555 1142 5⁰
2600 1077 2767 1144 libro

382 1181 461 1248 de
525 1181 769 1267 optimo
830 1182 1116 1247 civitatis
1160 1185 1428 1264 rectore,
1477 1187 1544 1246 et
1589 1184 1658 1245 in
1703 1201 1778 1246 ea
1825 1181 2267 1266 disquisitione
2313 1188 2389 1247 ut
2435 1189 2767 1268 appareret

381 1289 595 1372 ipsum
659 1288 944 1352 civitatis
997 1288 1350 1371 principem
1399 1305 1521 1353 non
1569 1286 1795 1351 debere
1840 1286 2161 1353 doctrinae
2207 1287 2420 1354 studio
2464 1309 2532 1354 se
2578 1289 2727 1355 dare
2746 1338 2764 1373 ,

381 1413 462 1458 ne
517 1411 556 1458 a
613 1391 1026 1478 gubernanda
1088 1393 1349 1457 civitate
1409 1391 1829 1476 impediretur
1846 1439 1863 1470 ,
1924 1394 2092 1457 inter
2150 1400 2317 1458 artes
2386 1394 2765 1461 theoreticae

381 1505 446 1563 et
491 1499 803 1583 practicae
845 1497 1302 1584 distinguitur,
1351 1517 1428 1561 ex
1474 1499 1706 1582 quibus
1754 1497 1905 1562 illae
1952 1501 2082 1563 sint
2118 1501 2191 1564 in·
2228 1501 2763 1586 contemplatione

381 1609 585 1682 totae,
649 1604 772 1670 hae
830 1603 1073 1689 aliquid
1137 1603 1378 1670 efficere
1439 1603 1743 1684 debcant,
1803 1593 1969 1691 quod
2032 1611 2272 1682 exstet3
2322 1607 2491 1688 quod
2538 1607 2762 1673 discri-

379 1732 530 1776 men
595 1709 958 1776 illustratur
1023 1707 1314 1776 Platonis
1381 1713 1630 1776 ratione
1695 1714 2165 1795 comparatione
2233 1714 2531 1778 instituta
2596 1716 2765 1778 inter

378 1817 734 1902 praesidem
775 1816 1060 1882 civitatis
1099 1819 1166 1880 et
1201 1815 1472 1881 vilicum
1515 1815 1618 1882 vel
1659 1815 2180 1900 dispensatorem.
2220 1817 2321 1882 Ex
2356 1818 2475 1884 hac
2507 1818 2763 1884 demon-

379 1925 682 1989 stratione
728 1929 944 1988 sumta
989 1925 1140 1986 sunt
1185 1941 1257 1986 ea
1305 1941 1464 2006 quae
1504 1920 1579 1986 V.
1625 1919 1664 1986 5
1685 1967 1702 2001 ‚
1744 1942 1835 2006 sq.
1881 1921 2217 2010 leguntur,
2257 1942 2417 2009 quae
2456 1927 2524 1989 in
2558 1925 2763 1990 simili

377 2033 758 2116 argumento
816 2032 1152 2094 versantur
1211 2047 1358 2092 cum
1422 2025 1863 2112 Xenophontis
1924 2027 2345 2095 Oeconomico
2400 2031 2482 2095 15
2531 2039 2595 2096 et
2655 2031 2755 2097 16.

379 2131 458 2198 2:
523 2135 686 2216 Φασὶ
752 2134 880 2213 γὰρ
943 2134 1044 2199 τὸν
1109 2134 1428 2209 μέλλοντα
1489 2133 1661 2213 ὀρθῶς
1711 2134 2089 2214 γεωργήσειν
2137 2138 2248 2211 τὴν
2296 2138 2489 2218 φύσιν
2534 2145 2759 2216 χρῆναι

379 2246 607 2322 πρῶτον
669 2246 780 2312 τῆς
845 2247 967 2318 γῆς
1033 2237 1254 2304 εἰδέναι
1318 2244 1384 2305 et
1441 2240 1481 2303 5
1529 2239 1720 2320 Φύσιν
1766 2241 1881 2318 μὲν
1928 2240 1999 2315 331
2046 2249 2164 2318 γῆς
2213 2239 2366 2306 οὕτω
2416 2244 2520 2307 καὶ
2569 2245 2622 2308 οἱ
2672 2247 2759 2319 μὴ

378 2347 548 2412 πάνυ
611 2343 883 2424 ἔμπειροι
939 2332 1247 2426 γεωργίαις
1322 2339 1510 2422 ἔμε-ις’
1557 2346 1847 2412 δύνανται
1922 2345 2411 2424 διαγιγνώσκειν.
2501 2347 2625 2414 *Est
2692 2353 2761 2414 in

377 2454 623 2519 ratione
670 2451 1142 2518 demonstrandi
1188 2457 1252 2517 et
1296 2453 1364 2516 in
1413 2451 1662 2517 delectu
1706 2472 1920 2517 rerum
1970 2452 2138 2518 color
2194 2455 2449 2539 quidem
2516 2455 2759 2543 dialogi

379 2558 686 2626 Socratici
749 2557 1020 2635 similis;
1083 2561 1159 2623 ut
1201 2556 1392 2623 Plato
1436 2560 1504 2622 in
1547 2555 1823 2623 Politice
1872 2558 2277 2624 describendo
2322 2562 2756 2626 oeconomiam

379 2665 660 2750 aliasque
721 2670 886 2729 artes
943 2663 1203 2730 adhibet
1251 2663 1356 2741 (cf.
1404 2663 1679 2728 Politico
1726 2662 1850 2747 25,
1901 2662 2009 2747 9),
2056 2666 2149 2729 sic
2194 2665 2467 2731 vilicum
2516 2662 2757 2733 (licere.

379 2770 708 2839 Sententia
751 2770 937 2857 plane
983 2770 1231 2836 diversa
1277 2775 1374 2835 est
1423 2768 1710 2835 Platonis
1730 2818 1749 2853 ,
1797 2772 2171 2836 conveniens
2211 2791 2355 2835 cum
2394 2770 2761 2839 Platonicae

378 2877 663 2945 civitatis
723 2881 948 2943 natura
971 2923 986 2950 .
1051 2876 1327 2962 perfecta
1387 2874 1503 2940 illa
1563 2882 1629 2941 et
1673 2894 1799 2941 non
1846 2881 2167 2962 exstant03
2216 2879 2283 2941 in
2332 2879 2598 2944 scientia
2648 2878 2762 2945 ille

378 2986 595 3053 omnia
656 2986 835 3068 ponit
851 3031 870 3066 ,
935 2981 1236 3067 politicus
1281 2981 1596 3065 perfectus
1640 2980 1823 3047 nulla
1870 2988 2049 3066 parte
2092 2983 2351 3049 inferior
2396 3004 2530 3049 esse
2575 2984 2761 3050 debet

379 3090 616 3172 doctis,
662 3091 800 3175 ipse
847 3090 1132 3173 sapiens3
1181 3084 1399 3153 Cicero
1444 3090 1687 3172 expetit
1732 3087 1799 3151 id
1849 3092 2137 3173 tantum,
2178 3089 2345 3174 quod
2382 3089 2461 3154 ab
2502 3090 2761 3155 homine

377 3194 687 3281 postulari
735 3200 982 3280 potest,
1031 3194 1432 3277 remittitque
1481 3196 1619 3280 regi
1665 3213 1781 3258 suo
1826 3194 2115 3258 studium
2162 3200 2227 3259 et
2278 3195 2757 3282 indagationem

375 3303 548 3379 veri,
605 3300 795 3367 modo
857 3302 1282 3387 cognitionem
1348 3298 1430 3363 ad
1487 3319 1678 3363 usum
1746 3301 2032 3365 civitatis
2088 3300 2419 3377 adhibeat,
2470 3300 2579 3365 sed
2625 3303 2761 3387 ipsa

378 3408 666 3493 quaestio
701 3428 857 3471 num
897 3406 1286 3493 gubernator
1322 3404 1604 3471 civitatis
1646 3404 1999 3470 doctrinam
2038 3407 2427 3491 perspexisse
2466 3413 2529 3471 et
2560 3405 2762 3472 colere

378 3514 604 3580 debeat
665 3511 954 3579 Ciceroni
1018 3514 1154 3577 sine
1213 3511 1409 3577 dubio
1469 3516 1779 3598 suggesta
1838 3518 1934 3577 est
2005 3532 2040 3576 e
2110 3510 2379 3577 lectione
2450 3510 2758 3579 Platonis.

379 3619 682 3701 Quaestio
725 3619 802 3684 de
847 3620 1100 3683 iustitia
1143 3623 1209 3683 et
1251 3618 1572 3682 iniustitia
1607 3637 1732 3682 non
1774 3622 1906 3682 tam
1940 3616 2147 3682 latum
2192 3625 2525 3703 occuparet
2548 3618 2761 3684 locum

377 3724 514 3809 (lib.
565 3723 684 3805 III)
729 3726 856 3789 nisi
901 3726 1230 3809 praeiisset
1278 3722 1496 3806 Plato,
1544 3726 1728 3788 cuius
1770 3722 2118 3807 disputatio
2163 3724 2242 3787 ab
2283 3723 2541 3789 homine
2592 3726 2763 3789 iusto

377 3831 656 3916 profecta
717 3830 786 3894 in
848 3831 1098 3895 iustitia
1159 3828 1418 3894 omnino
1481 3832 1809 3911 versatur,
1873 3827 1952 3895 ad
2017 3847 2209 3911 quam
2255 3829 2757 3915 cognoscendam

377 3939 606 4003 civitas
652 3936 992 4003 adhibetur
1009 3982 1026 4012 ,
1076 3932 1296 4001 Cicero
1341 3938 1558 3999 autem
1604 3938 1823 3998 contra
1868 3952 1907 3997 a
1946 3935 2228 3999 civitatis
2265 3936 2405 3999 iure
2442 3935 2759 4019 profectus

377 4046 516 4109 sine
576 4044 952 4108 necessitate
994 4043 1350 4128 imaginem
1398 4040 1678 4104 hominis
1725 4040 1884 4103 iusti
1931 4038 2041 4104 sed
2088 4038 2363 4104 infelicis
2411 4060 2449 4104 a
2492 4038 2761 4107 Platone

375 4151 613 4215 sumsit
657 4146 798 4233 (111.
850 4145 967 4233 27)
1015 4154 1080 4212 et
1125 4149 1193 4210 in
1240 4148 1393 4211 iusti
1444 4150 1674 4210 natura
1721 4143 2129 4210 describenda
2174 4144 2504 4211 hominem
2554 4149 2759 4230 potis-

376 4256 618 4320 simum
681 4255 925 4341 cogitat
988 4252 1091 4317 16.
1159 4250 1268 4318 26.
1353 4249 1568 4315 Multo
1641 4250 1851 4315 maius
1916 4255 2317 4315 momentum
2362 4250 2519 4316 haec
2563 4252 2759 4319 habe-

377 4359 530 4426 bant
575 4358 744 4444 apud
788 4358 1151 4425 Platonem.
1213 4356 1336 4422 Sed
1375 4361 1450 4421 ut
1491 4358 1786 4421 omittam
1829 4358 1960 4421 iam
2004 4373 2076 4420 ea
2113 4374 2273 4440 quae
2311 4361 2460 4421 sunt
2496 4358 2577 4421 ad
2615 4377 2759 4424 ver-

377 4465 531 4530 bum
597 4465 675 4530 de
733 4464 1120 4531 Academiae
1167 4463 1496 4529 conditore
1543 4462 1742 4527 latine
1791 4482 1973 4527 versa
2020 4460 2097 4547 (1.
2150 4460 2237 4525 65
2285 4464 2447 4547 sqq.)
2495 4467 2559 4527 et
2605 4483 2764 4546 quae

2406 4582 2471 4629 20
