3436 5161
706 364 836 434 436
1227 465 1234 476 ·
1401 371 1406 378 ’
1722 383 2055 436 nummus

705 550 1092 634 ὑψηλότερος.
1148 550 1222 616 In
1269 553 1408 616 init.
1461 573 1506 618 c.
1568 549 1652 617 1¹7
1701 554 1983 640 corrige:
2032 553 2097 616 οὐ
2146 508 2323 626 μόνον
2372 550 2435 615 δὲ
2481 553 2721 614 τοῦτο
2766 565 2885 633 pro
2942 566 3031 610 το
3050 545 3117 608 ῦ-

703 681 836 724 τον
883 663 949 725 et
995 658 1063 723 in
1109 679 1161 724 c.
1197 657 1314 724 19:
1375 682 1506 726 νυν
1550 679 1666 746 pro
1713 664 1843 724 νῦν
1893 664 1957 726 ct
2004 659 2441 736 ἐπενόησεν
2486 677 2600 744 pro
2644 654 3113 728 ἐνενόησεν.

794 844 946 934 Gap.
983 845 1087 917 22.
1139 847 1290 914 ἄλλ’
1338 849 1448 925 ἤδη
1493 849 1601 914 καὶ
1649 849 1721 914 τὸ
1770 847 2079 930 τριβώνιον
2124 847 2273 922 τέως
2325 848 2604 928 ἄμορφον
2651 841 2814 911 εἶναι’
2859 865 2971 918 μοι
3008 841 3111 906 δο-

703 957 840 1020 κοῦν
902 953 1171 1032 ἰσότιμον
1232 955 1640 1033 γίγνεται
1702 965 1783 1038 τῇ
1847 955 2165 1038 πορφυρίδι
2232 960 2339 1020 τοῦ
2401 952 2747 1033 βασιλέως·
2808 951 3105 1029 ἀφανῆ

703 1061 829 1138 γὰρ
877 1059 1077 1141 ἄμφω
1129 1062 1284 1150 [καὶ]
1340 1062 1456 1127 ὑπὸ
1506 1066 1588 1140 τῷ
1641 1065 1809 1144 αὐτῷ
1857 1063 2055 1144 σκότῳ
2104 1060 2593 1127 καταδεδυκότα.
2642 1059 2713 1124 Si
2759 1057 2915 1122 illae
2956 1075 3109 1118 ves-

701 1171 799 1232 tes
843 1188 968 1233 non
1013 1166 1292 1254 amplius
1341 1170 1887 1254 conspiciebantur
1905 1217 1921 1246 ,
1971 1169 2079 1235 sed
2133 1169 2409 1236 tenebris
2454 1166 2603 1233 Orci
2650 1164 2956 1230 omnibus
2992 1181 3103 1226 re-

703 1272 822 1338 bus
868 1273 1228 1360 mqualiter.
1261 1275 1480 1342 offusis
1495 1324 1514 1360 ,
1553 1287 1941 1342 evanuerant
1957 1323 1974 1354 ,
2015 1296 2140 1341 non
2186 1272 2479 1362 aequales
2506 1273 2745 1356 flebant
2762 1318 2779 1346 ,
2832 1270 3064 1353 opinor
3083 1313 3101 1343 ‚

701 1379 811 1446 sed
879 1383 1011 1446 iam
1055 1383 1278 1466 sactae
1337 1389 1527 1446 erant.
1615 1381 2045 1458 Quamobrem
2107 1401 2339 1470 repone
2402 1402 2560 1458 γεγ
2582 1377 2708 1452 §vn
2730 1398 2889 1441 ται.
2960 1371 3105 1440 Cur

703 1486 996 1572 copulam
1045 1489 1262 1554 abesse
1307 1486 1529 1555 malim
1550 1537 1568 1573 ,
1617 1487 1783 1553 nihil
1830 1495 1927 1554 est
1972 1488 2137 1574 quod
2195 1488 2429 1554 dicam.

797 1594 971 1674 Quae
1017 1598 1238 1662 statim
1286 1600 1668 1681 sequuntur,
1718 1615 1758 1660 a
1794 1593 2071 1662 librariis
2109 1599 2381 1681 pessime
2404 1597 2553 1660 sunt
2576 1591 2817 1657 habita.
2864 1586 3101 1674 Neque

705 1703 876 1766 enim
940 1700 1287 1787 quidquam
1353 1721 1578 1768 causae
1639 1708 1735 1767 est
1752 1747 1769 1779 ,
1819 1722 1933 1766 cur
1977 1701 2055 1767 ad
2104 1701 2337 1788 Micyli
2382 1701 2850 1786 quaestionem:
2900 1695 2979 1758 σὺ
3027 1692 3101 1756 δὲ

705 1812 821 1873 τοῦ
885 1831 1034 1874 ποτε
1101 1805 1224 1888 ἄρα
1285 1809 1362 1874 ὢν
1407 1808 1783 1888 τογχάνειςς
1842 1806 2156 1895 Cyniscus
2202 1813 2382 1872 tanta
2427 1827 2577 1871 cum
2622 1803 2948 1888 emphasi:
3003 1799 3103 1862 ἐν-

705 1915 906 1978 ταῦθα
973 1903 1138 1992 λέγω
1200 1938 1327 1994 σοι,
1395 1915 1644 1980 Μικύλε
1707 1914 2081 2000 respondeat
2142 1920 2207 1980 et
2267 1915 2671 2002 geminatum
2742 1906 2805 1976 εὖ
2877 1909 3101 1984 λέγεις

707 2019 1128 2105 corruptelam
1177 2023 1414 2109 arguit.
1483 2020 1626 2086 Hoc
1687 2021 1855 2086 mihi
1902 2023 2211 2108 dispicere
2256 2019 2476 2085 videor
2520 2016 2727 2084 deleto
2775 2015 2976 2081 altero
3024 2008 3099 2077 εὖ

707 2124 913 2202 λέγεις
981 2146 1056 2192 ea
1073 2175 1092 2211 ‚
1155 2147 1318 2212 quae
1378 2125 1578 2214 vulgo
1639 2123 1914 2213 Cynisco
1960 2127 2333 2192 tribuuntur
2354 2173 2371 2204 ‚
2416 2122 2660 2211 Micylo
2706 2142 2845 2188 esse
2890 2120 3102 2186 conti-

706 2231 979 2298 uuanda.

800 2420 953 2508 Gap.
1002 2420 1111 2488 24.
1175 2421 1320 2503 ἴχνη
1367 2423 1482 2498 μὲν
1527 2423 1634 2488 καὶ
1681 2432 1913 2500 σημεῖα
1963 2422 2237 2488 πολλὰ
2281 2428 2426 2488 τῶν
2476 2417 2931 2498 ἐγκαυμάτων,
2985 2419 3095 2482 οὐκ

707 2525 856 2595 οἶδα·
895 2531 956 2595 δὲ
1006 2527 1162 2604 ὅπως
1216 2531 1675 2612 ἐξαλήλιπται.
1726 2535 1971 2608 μᾶλλον
2020 2531 2083 2597 δὲ
2128 2531 2515 2595 ἐκκέκοπται.
2562 2527 2949 2594 Jacobitzius
2987 2522 3097 2590 ad·

707 2640 991 2705 notavit:
1043 2653 1192 2703 πολ
1212 2640 1311 2703 λοι
1361 2638 1510 2704 add.
1558 2659 1635 2704 ex
1683 2636 1891 2703 ACF
1940 2637 2153 2703 Schol.
2182 2674 2263 2686 —
2293 2644 2407 2701 τῶν
2434 2635 2891 2713 ἐγκαυμάτωνε
2919 2644 3097 2694 πολ·

707 2750 857 2810 λῶν
919 2746 1086 2810 inter
1143 2745 1298 2810 haec
1361 2744 1484 2810 duo
1541 2746 1736 2810 verba
1783 2748 2094 2810 insertum
2141 2746 2211 2808 in
2248 2741 2353 2837 ‘D‚
2402 2746 2507 2809 sed
2558 2762 2596 2805 a
2641 2759 2837 2804 manu
2885 2758 3097 2803 recen·

708 2848 909 2914 tiore'.
980 2850 1258 2937 Egregie
1320 2851 1436 2915 hoc
1498 2850 1829 2915 confirmat
1879 2851 2045 2935 quod
2093 2853 2223 2915 iam
2274 2849 2517 2914 dudum
2564 2846 2911 2934 legendum
2960 2846 3095 2907 esse

704 2954 874 3020 mihi
917 2976 1384 3042 persuaseram:
1433 2963 1754 3021 πολλῶν
1798 2979 2030 3020 τινων
2078 2954 2657 3033 ἐγκαυμάτων.

799 3152 952 3240 Gap.
994 3152 1102 3220 2¹7.
1153 3155 1361 3253 ofixofqv
1409 3152 1514 3218 καὶ
1556 3152 1813 3229 τούτων,
1856 3150 1898 3219 ὦ
1934 3150 2371 3231 Ῥαδάμανθυ,
2413 3148 2727 3231 παρέξω
2771 3172 2891 3213 σοι
2934 3144 3096 3227 μάρ·

705 3284 918 3341 τυρας.
987 3260 1192 3327 Nemo
1253 3280 1537 3346 unquam
1599 3261 1766 3325 dixit
1827 3261 2147 3340 μάρτυρας
2210 3283 2369 3338 παρ
2391 3258 2615 3337 ἐχειν
2677 3277 2789 3342 pro
2836 3254 3093 3345 παρέ-

705 3368 1024 3449 χεσδαμ

799 3548 954 3639 Gap.
1002 3548 1112 3617 28.
1159 3552 1232 3617 L.
1283 3548 1498 3625 κυανός
1550 3552 1712 3617 ἐστιν
1762 3550 1902 3615 ὑπὸ
1950 3556 2069 3615 τῶν
2114 3547 2525 3627 στιγμάτων,
2572 3566 2696 3611 non
2745 3542 2925 3612 άπό.

800 3753 964 3820 Ibid.
1014 3751 1118 3817 καὶ
1170 3752 1342 3831 παρὰ
1389 3750 1489 3816 τὸν
1539 3750 1873 3817 Τάνταλον
1920 3748 2235 3829 άπαχθεὶς
2281 3746 2545 3812 οὑτοσὶ
2591 3744 2861 3810 δεδέσθω.
2890 3742 3093 3810 Offen-

709 3864 882 3927 sione
928 3881 1051 3925 non
1113 3866 1282 3924 caret
1327 3859 1595 3923 οὑτοσί
1642 3860 1778 3923 sine
1826 3856 1961 3923 ulla
2006 3860 2073 3923 vi
2118 3857 2583 3941 interpositum.
2658 3850 2941 3920 Coniicio
2989 3850 3093 3914 οὑ-

708 3967 936 4045 τωσί,
1000 3967 1121 4051 sie,
1185 3973 1252 4029 ut
1313 3988 1470 4029 nunc
1525 3966 1729 4043 habeb,
1794 3952 2189 4047 simplicitet-‚¹
2238 3983 2395 4038 non,
2462 3968 2537 4025 ut
2600 3961 2790 4024 ceteri
2839 3978 3092 4031 omnes,

707 4073 947 4139 Lethae
1005 4093 1167 4158 aqua
1230 4072 1474 4139 hausta.
1545 4071 1738 4137 Hunc
1800 4090 1988 4135 usum
2056 4071 2228 4133 vocis
2276 4064 2469 4132 οὕτω
2528 4070 2769 4152 optime
2813 4063 3094 4129 illustra·

709 4181 871 4245 bunt
918 4178 1359 4264 Aristophanis
1408 4179 1706 4243 versiculi
1753 4181 1819 4242 in
1867 4178 2064 4242 Ranis
2114 4196 2237 4240 ves.
2288 4173 2419 4239 625
2446 4194 2579 4260 sqq.

984 4286 1083 4350 ΛΞ.
1165 4284 1391 4355 δίκαιος
1440 4286 1468 4350 ό
1513 4284 1738 4362 λόγος·
1786 4280 1903 4348 κάν
1948 4308 2006 4347 τι
2057 4280 2307 4361 πηρώσω
2354 4278 2433 4359 γέ
2479 4302 2565 4345 σοι

801 4392 903 4457 τὸν
951 4390 1150 4456 παῖδα
1199 4392 1484 4470 τύπτων,
1533 4391 1861 4472 τάργύριόν
1909 4414 1995 4453 σοι
2045 4389 2339 4454 κείσεται.

984 4508 1095 4565 Ξα.
1143 4501 1231 4573 μη
1281 4496 1409 4573 δῆτ’
1457 4496 1684 4581 ἔμοιγ’,
1736 4494 1927 4561 οὕτω
1980 4496 2041 4560 δὲ
2086 4494 2384 4581 βασάνιζ’
2432 4494 2815 4573 ἀπαγαγών.
