3436 5161
1455 345 1856 400 monorus.
2764 323 2851 393 '75

553 514 768 597 Quum
831 511 1106 581 Graecos
1163 513 1386 581 laudat
1446 513 1830 581 Damaratus
1901 532 2109 579 eoram
2182 510 2399 579 Xerxe
2466 532 2619 599 rege
2633 558 2651 590 ‚
2722 530 2848 577 nou

460 623 676 708 potuit
741 620 1035 689 oblivisci
1103 621 1594 690 Atheniensium
1663 625 1729 686 et
1796 618 2239 686 Marathoniae
2308 638 2563 706 pugnae
2633 618 2849 701 itaque

459 730 698 797 vitium
761 729 927 795 inest
986 729 1057 793 in
1117 728 1220 793 his
1279 729 1526 795 verbis:
1580 726 1757 793 αἰνέω
1806 724 1922 804 μέν
1972 750 2071 791 νυν
2118 724 2371 797 πάντας
2419 723 2559 797 τοὺς
2604 722 2847 799 Ἐλλη-

462 832 808 907 νας“τοὺς
856 833 1038 914 περὶ
1088 832 1450 907 ἐκείνους
1500 832 1686 904 τοὺς
1734 830 2148 913 Δωρικοὺς
2183 832 2488 911 χώρους
2528 828 2847 907 οἶκημέ·

464 964 538 1006 νο
558 966 592 1007 υ
610 966 663 1013 ς.
735 939 942 1021 Quam
1003 939 1353 1008 ridiculum
1414 939 1576 1007 foret
1638 959 1859 1005 omues
1926 936 2280 1004 Hollandos
2350 936 2612 1003 laudare
2680 934 2849 1003 velle

459 1052 774 1134 quotquot
830 1046 1102 1114 Frisium
1166 1046 1454 1113 incolunt
1471 1095 1488 1124 ,
1553 1066 1759 1133 neque
1828 1049 1963 1111 erat
2030 1065 2145 1113 our
2212 1042 2598 1110 Damaratus
2666 1040 2850 1109 exsul

461 1153 797 1221 Dorienses
839 1152 1105 1219 Ionibus
1147 1158 1573 1239 anteponeret.
1645 1152 2029 1220 Audendum
2076 1150 2317 1236 aliquid
2366 1156 2497 1215 est:
2556 1148 2849 1216 laudavit

460 1258 810 1347 Spartanus
847 1259 1091 1334 πάντας
1131 1257 1612 1332 τοὺςἝλληνας
1652 1258 2012 1332 ἐκείνους
2053 1256 2241 1329 τοὺς
2284 1255 2525 1334 πέρην
2569 1254 2851 1335 Δορίσ-

461 1391 502 1435 κ
519 1390 598 1436 ου
653 1365 1025 1445 οἰκημένους.
1097 1366 1284 1433 Nunc
1329 1385 1580 1453 quoque
1625 1365 1921 1433 videmus
1966 1365 2171 1431 odisse
2218 1362 2616 1430 Herodotum
2664 1362 2850 1430 Iones

466 1474 580 1559 qui
624 1474 816 1540 Asiae
862 1493 1042 1539 oram
1087 1472 1466 1541 incolebant.

553 1670 820 1757 Aliquid
877 1669 1115 1737 excidit
1169 1672 1238 1737 in
1300 1670 1536 1737 Xerxis
1589 1670 1803 1737 verbis
1862 1665 1985 1734 VII
2042 1666 2208 1734 103:
2271 1665 2450 1733 δοκέω
2516 1667 2579 1733 δὲ
2643 1663 2851 1747 ἔγωγε

467 1776 571 1843 καὶ
618 1777 1019 1850 ἀνισωθέντας
1068 1776 1292 1854 πλήθεΐ
1325 1781 1631 1861 χαλεπῶς
1672 1774 1749 1842 ἂν
1785 1774 2104 1852 Ἕλληνας
2146 1773 2407 1857 Πέρσῃσι
2448 1774 2568 1862 (μο
2590 1773 2847 1861 ύνους)
2938 1804 2942 1809 ·

463 1883 732 1965 μούνοισι
779 1883 1128 1966 μάχεσθαι.

555 2085 938 2153 Damaratus
985 2092 1050 2153 et
1093 2086 1221 2154 alia
1265 2088 1600 2174 respondet
1645 2092 1710 2154 et
1754 2088 1909 2155 haec
1955 2086 2093 2154 VII
2141 2087 2308 2156 104:
2352 2082 2531 2157 ἐπες-ί
2561 2092 2678 2168 σφι
2717 2085 2849 2152 δεσ·

463 2192 657 2267 πότης
718 2193 933 2272 νόμος,
993 2193 1097 2260 τὸν
1145 2193 1832 2273 ὑποδειμαίνουσι
1879 2196 2091 2277 πολλῷ
2140 2194 2231 2260 ἔτι
2276 2197 2525 2273 μᾶλλον
2574 2194 2608 2271 ἢ
2658 2194 2709 2259 οἱ
2756 2193 2848 2259 σο)

463 2300 554 2366 σέ.
624 2300 976 2370 Ludicrum
1022 2301 1092 2365 in
1139 2300 1253 2367 tali
1300 2322 1368 2369 re
1414 2304 1841 2388 compositum
1889 2307 1987 2369 est
2034 2300 2523 2381 ὑποδειμαίνουσι
2553 2322 2567 2339 ·
2619 2320 2851 2388 repone

462 2403 684 2474 οὗτοι
733 2407 1278 2488 δειμαίνουσι.

552 2605 693 2674 vn.
758 2605 926 2672 129:
999 2606 1231 2673 αὐτοὶ
1281 2606 1397 2686 μέν
1443 2631 1544 2672 νυν
1591 2606 1908 2672 Θεσσαλοί
1953 2611 2117 2688 φασι
2166 2605 2547 2672 Ποσειδέωνα
2597 2609 2847 2679 ποιῆσαι

459 2713 565 2780 τὸν
603 2715 890 2780 αὐλῶνα·
936 2713 1083 2802 lege
1136 2711 1418 2791 αὐτόν,
1467 2733 1617 2779 nam
1663 2713 2031 2779 Herodotus
2080 2718 2296 2779 mente
2345 2712 2600 2777 tenebat
2645 2709 2847 2777 illud:

461 2821 648 2892 αὐτὸς
729 2820 784 2886 δ’
867 2819 1283 2898 Ἐννοσίγαιος
1352 2816 1513 2901 ἔχων
1576 2821 1852 2901 χείρεσσι
1913 2819 2207 2899 τρίαιναν.
2293 2818 2582 2885 Fortasse
2649 2819 2848 2884 etiam

459 2925 579 2993 VH
630 2926 794 2993 158:
846 2926 1074 2993 αὐτοὶ
1125 2926 1190 2992 δὲ
1236 2927 1386 3005 ἐμεῦ
1436 2925 1716 3008 πρότερον
1764 2926 2103 3012 δεηθέντος,
2152 2931 2431 3013 praestat
2477 2926 2753 2990 αὐτοῦ.

549 3125 706 3192 VII.
769 3123 935 3191 139:
1001 3125 1268 3190 ἐνθαῦτα
1329 3123 1652 3204 ἀναγκαίη
1712 3121 2049 3204 ἐξέργομαι
2112 3123 2361 3201 γνώμην
2421 3117 2844 3198 ἀποδέξασθαι

459 3231 779 3315 ἐπίφθονον
839 3231 953 3308 μὲν
1013 3233 1159 3313 πρὸς
1213 3235 1328 3296 τῶν
1393 3229 1662 3295 πλεόνων
1726 3231 2190 3309 ἀνθρώπων,
2240 3227 2401 3306 ὅμως
2449 3227 2512 3294 δὲ
2558 3230 2665 3294 οὐκ
2716 3228 2845 3293 ε’πι-

457 3339 696 3420 σχήσω.
736 3337 1015 3424 Requiro
1053 3343 1123 3403 ‘E
1145 3337 1458 3413 λλῆνων
1497 3343 1562 3403 et
1601 3344 1822 3402 notum
1868 3343 1963 3402 est
2005 3336 2156 3420 quid
2199 3335 2591 3422 corruptelae
2627 3354 2845 3403 ansam

458 3447 740 3530 dederit,
792 3445 873 3511 cf.
931 3445 1154 3510 Mnem.
1205 3442 1442 3510 XVIII
1491 3441 1596 3508 52.
1671 3442 1913 3508 Deinde
1960 3443 2280 3527 sequitur:
2331 3442 2381 3507 εἰ
2430 3442 2622 3507 τοίνυν
2676 3441 2846 3507 κατὰ

457 3553 568 3629 τὴν
628 3552 956 3618 θάλασσαν
1017 3550 1229 3629 μηδεὶς
1295 3552 1669 3626 ἠντιοῦτο
1734 3547 1952 3634 Ξέρξῃ,
2016 3550 2129 3614 ubi
2191 3549 2520 3625 ἦντίωτο
2568 3568 2849 3614 necessa-

455 3660 630 3726 rium
676 3664 791 3724 est.

547 3839 624 3906 In
665 3839 957 3906 Romano
1005 3837 1238 3907 Codice
1283 3844 1454 3906 recte
1499 3840 1801 3905 scribitur
1846 3838 1975 3905 VII
2032 3837 2160 3904 145
2206 3835 2553 3920 χρημάτων
2572 3852 2822 3903 καταλ-

455 3947 836 4030 λάσσεσθαι,
907 3967 1034 4012 non
1101 3945 1444 4027 χρημάτων
1513 3945 1854 4010 πάντων.
1964 3944 2209 4012 Deinde
2277 3944 2842 4026 φρονήσαντες

454 4053 736 4124 abundat
799 4055 868 4120 in
929 4053 1138 4120 hisce:
1202 4051 1658 4131 ἐβουλεύσαντο
1705 4049 1976 4130 πέμπειν
2025 4049 2340 4131 ἀγγέλους
2364 4097 2383 4130 ,
2429 4049 2845 4132 φρονήσαντες

453 4159 514 4227 εί
557 4185 671 4234 κως
721 4157 783 4226 ἓν
834 4159 1066 4240 γένοιτο
1114 4159 1186 4226 τὸ
1233 4159 1612 4235 Ἑλληνικόν.

547 4357 852 4440 ’Δγείρειν
895 4363 962 4424 et
1008 4357 1262 4438 ἐγείρειν
1311 4321 1572 4424 confusa
1618 4360 1769 4422 sunt
1812 4353 1949 4422 VII
1991 4355 2123 4422 148
2142 4403 2159 4436 ‚
2204 4357 2321 4425 ubi
2360 4355 2607 4424 editur:
2651 4357 2737 4423 τὰ
2776 4357 2845 4422 ἐκ

453 4470 562 4532 τοῦ
607 4463 935 4550 βαρβάρου
983 4465 1490 4552 ἐγειρόμενα
1541 4464 1643 4540 ἐπὶ
1692 4465 1801 4551 τὴν
1850 4461 2159 4540 Ἐλλάδα.
