3436 5161
687 343 774 409 48
1752 360 1987 409 monuo.

682 528 1018 593 sti-abatur.
1091 524 1280 591 Certe
1323 526 1392 591 id
1435 545 1540 591 me
1581 528 1813 590 retinet
1850 547 1929 591 ne
1966 526 2315 611 quidquam
2356 530 2625 591 mutem.
2692 526 2863 590 Eum
2905 523 3075 590 colo-

683 653 820 699 rem
883 652 1152 719 agnosco
1213 651 1462 717 quoque
1515 632 1579 695 in
1628 632 1971 716 proximis:
2030 632 2382 715 „praecipuo
2425 630 2652 695 multis
2699 630 2909 696 multa
2956 634 3076 695 tri-

683 738 936 807 buunt”
995 740 1108 803 ubi
1169 736 1514 803 formulam
1581 736 2014 804 adverbialem
2079 738 2239 822 (καθ’
2302 738 2645 815 ὑπερβολὴν
2715 738 2823 804 vel
2892 736 3071 822 sim.)

685 842 986 914 adverbio
1021 844 1330 923 reddidit;
1379 844 1640 921 melius,
1699 847 1920 931 opinor
1940 891 1956 922 ,
2008 850 2208 911 esset:
2256 846 2635 931 „praecipua
2668 843 2878 909 multa
2900 842 3075 909 mul-

683 955 770 1017 tis
818 951 1090 1018 tribuit”
1108 972 1126 1030 ;
1176 973 1360 1037 saepe
1405 973 1610 1019 unum
1655 972 1805 1037 prae
1852 950 2117 1036 reliquis
2163 950 2452 1035 extollit,
2512 953 2697 1036 eique
2736 952 2919 1035 quasi
2956 971 3075 1035 per

684 1060 1120 1145 exceptionem
1167 1058 1471 1125 concedit.
1541 1058 1686 1143 Ipse
1734 1056 1947 1143 Scipio
1994 1078 2061 1124 se
2110 1062 2491 1145 argumenta
2542 1056 2749 1123 aliena
2796 1056 3075 1144 proferre

683 1164 922 1231 ibidem
969 1162 1327 1252 significat:
1374 1164 1530 1231 haec
1574 1164 1704 1230 fere
1725 1212 1740 1242 ‚
1798 1162 1935 1231 rell.

781 1378 884 1444 54.
925 1378 1230 1444 Halmius
1268 1399 1380 1464 pro
1417 1376 1708 1463 lectioness
1731 1378 1966 1444 codicis
2006 1378 2157 1464 quid
2192 1378 2367 1444 dedit
2404 1378 2563 1464 quod
2580 1379 2651 1443 in
2676 1378 2812 1443 his:
2860 1375 3076 1453 „Tum

689 1484 984 1551 Laelius:
1047 1484 1217 1565 Quid
1273 1490 1372 1563 tu,
1437 1487 1678 1571 inquit,
1744 1483 1980 1570 Scipio,
2056 1505 2091 1551 e
2152 1485 2358 1551 tribus
2402 1487 2543 1549 istis
2590 1484 2748 1570 quod
2788 1486 3081 1550 maxime

688 1588 960 1678 probas?
1005 1608 1060 1658 s.
1131 1592 1330 1657 Recte
1376 1594 1660 1677 quaeris,
1709 1593 1870 1677 quod
1917 1592 2091 1676 (quid
2134 1590 2206 1655 2·
2230 1592 2350 1678 m.)
2392 1593 2676 1657 maxime
2718 1611 2754 1657 e
2792 1591 3001 1656 tribus
3021 1590 3083 1674 ‚”

689 1698 830 1765 rell.
903 1697 1172 1764 Videtur
1213 1696 1504 1783 suppleto
1553 1696 1769 1782 aliquo
1816 1698 2218 1763 substantivo
2262 1701 2385 1763 ista
2432 1702 2497 1761 et
2532 1698 2688 1782 quod
2726 1716 2839 1781 pro
2876 1696 3079 1762 adiec-

691 1806 848 1871 tivis
893 1804 1191 1869 habuisse
1207 1851 1224 1879 ,
1272 1822 1422 1867 nam
1461 1804 1620 1887 quod
1655 1804 2193 1890 interrogativum
2232 1822 2357 1868 non
2396 1808 2606 1888 potest
2646 1803 3046 1869 substantive
3062 1849 3078 1879 ‚

637 1994 644 1999 Ι
693 1914 769 1976 ut
827 1912 1010 1977 aiunt
1030 1956 1045 1982 .
1107 1910 1277 1994 poni.
1359 1907 1633 1974 Nullum
1685 1914 1903 1975 tamen
1948 1910 2424 1975 substantivum
2473 1914 2570 1975 est
2614 1909 2680 1973 in
2727 1910 3041 1994 proximis
3062 1954 3079 1985 ,

695 2017 862 2103 quod
907 2014 1279 2102 suppleatur
1295 2038 1324 2100 3,
1350 2016 1500 2101 quid
1545 2016 1969 2082 scribendum.

787 2227 1034 2294 Ibidem
1095 2230 1374 2295 tentavi:
1431 2230 1743 2312 „occurrit
1788 2249 2018 2295 nomen
2066 2230 2247 2315 quasi
2294 2232 2575 2316 patrium
2623 2230 2827 2316 regis,
2878 2232 2955 2293 ut
3000 2248 3081 2293 ex

696 2356 764 2401 se
806 2336 974 2401 natis
990 2383 1009 2419 ‚
1055 2336 1149 2400 ita
1195 2334 1578 2401 consulentis
1625 2338 1760 2401 suis
1809 2350 2340 2403 omnusu'rnosoo

1806 2458 2282 2510 snnvmmssw

1809 2549 2180 2626 diosmsoui

1806 2659 2181 2742 poeninumrs

1814 2767 2165 2850 egestatum

1810 2887 1873 2952 q.
1919 2866 2195 2936 levantls

1808 2976 2257 3062 suissumpm.

1806 3080 2227 3166 itaquereliou

1806 3201 2281 3253 ossusmm'mm

692 3295 886 3360 unius
939 3291 1168 3377 optimi
1227 3294 1292 3356 et
1345 3291 1588 3355 summi
1631 3291 1759 3358 viri
1806 3291 2141 3379 diligentia
2159 3291 2213 3370 ‚’'
2258 3295 2303 3357 i.
2332 3313 2385 3358 e.
2440 3297 2507 3358 et
2558 3312 2663 3361 eos
2708 3299 3083 3358 conservan-

692 3400 778 3465 tis
828 3397 1173 3464 studiosius
1219 3418 1412 3482 quam
1456 3399 1781 3482 punientis
1799 3445 1815 3476 ,
1864 3404 2343 3486 egestatemque
2388 3399 2663 3467 levantis
2710 3401 2843 3465 suis
2892 3419 3076 3464 sum-

693 3507 902 3589 tibus3
966 3507 1181 3589 itaque
1243 3503 1518 3588 reliquos
1575 3507 1917 3570 sustentari
1979 3507 2170 3571 unius
2230 3507 2459 3591 optimi
2521 3511 2587 3572 et
2645 3507 2886 3572 summi
2951 3507 3077 3570 viri

695 3610 1066 3699 diligentia”
1119 3609 1229 3696 (sc.
1279 3611 1598 3696 occurrit).
1675 3608 2079 3688 ,‚Studiosius
2125 3631 2319 3696 quam
2367 3613 2717 3700 redigentis
2763 3615 2832 3676 in
2870 3613 3075 3677 servi-

696 3717 950 3783 tutem”
1015 3715 1202 3804 (Mai)
1252 3719 1361 3794 ,‚in
1406 3716 1843 3802 paucitatem’'
1892 3715 2217 3805 (Oi-enzer)
2264 3737 2337 3784 eo
2383 3717 2722 3804 displicent
2770 3717 2938 3804 quod
2982 3720 3075 3783 sic

695 3823 1095 3910 aliquatenus
1133 3825 1334 3889 bonus
1373 3843 1484 3888 rex
1513 3822 1630 3888 illa
1665 3823 1905 3888 nefaria
1940 3823 2143 3890 facere
2168 3823 2565 3911 significatur
2586 3871 2602 3903 ,
2627 3826 2795 3912 quod
2820 3824 3075 3890 Halmii

697 3950 946 4017 quoque
1002 3929 1446 4016 supplemento
1505 3935 1573 3993 in,
1635 3937 1941 4011 eqeecatem
2002 3932 2236 4016 opponi
2296 3935 2523 4016 potest.
2610 3930 2716 3997 Du
2782 3929 2948 3996 Rieu
3006 3932 3078 3994 in

698 4034 1056 4124 penultimo
1118 4056 1308 4102 versu
1368 4039 1514 4100 ante
1575 4053 1620 4100 π
1673 4034 1975 4101 ultimam
2042 4039 2308 4122 agnovit
2352 4053 2429 4123 a,
2478 4037 2646 4123 quod
2690 4056 2816 4102 non
2864 4035 3078 4101 redar-

699 4143 927 4229 guitur
984 4140 1332 4206 Detlefseni
1390 4143 1759 4207 testimonio
1776 4191 1793 4226 ‚
1856 4143 1969 4226 qui
2028 4141 2265 4208 lineam
2314 4164 2388 4209 eo
2434 4143 2572 4210 loco
2619 4144 2821 4210 vidit:
2872 4162 2991 4231 ego
3042 4158 3081 4208 o

703 4248 1010 4314 substitui
1052 4248 1353 4333 quoniam
1404 4248 1617 4325 „idem
1668 4249 2016 4335 vestigium
2067 4250 2233 4335 quod
2280 4248 2632 4318 leviuscule
2670 4252 2908 4338 passim
2946 4271 3085 4316 cer·

700 4354 878 4419 nitur
923 4353 1002 4418 ad
1047 4370 1116 4438 o,
1163 4373 1204 4421 n
1249 4359 1314 4420 et
1359 4369 1402 4420 s
1447 4353 1715 4421 ducere”
1767 4373 1953 4440 saepe
1999 4361 2263 4423 constat.
2316 4355 2414 4424 Of.
2463 4358 2551 4424 du
2596 4357 2765 4424 Rieu
2810 4378 2873 4443 p.
2922 4353 2987 4421 8.
