3436 5161
560 330 644 394 38
1547 353 1947 402 nunonorus.

569 524 780 590 διότι
838 527 1149 606 χρήματα
1217 525 1454 606 οὐδαμῇ
1518 522 1658 594 τοὺς
1720 519 1942 593 αὐτούς
2006 524 2136 586 ἐστι
2198 521 2337 602 ὁρᾶν
2391 520 2679 604 ἔχοντας.
2748 521 2943 612 Apud

564 635 856 719 antiquos
913 638 979 699 et
1039 632 1267 718 probos
1333 631 1670 714 scriptores
1732 625 1939 694 διότι
2007 649 2259 714 semper
2303 633 2368 694 et
2411 631 2651 716 ubique
2692 627 2943 718 sig-nifi-

559 747 662 807 cat
711 746 1026 822 propterea
1072 739 1248 824 quod.
1318 735 1450 802 Hic
1495 735 1749 802 litterae
1797 744 1886 801 ΔΙ
1936 734 2371 822 dittographia
2414 743 2599 803 natae
2642 737 2945 805 videntur

559 867 596 912 e
642 867 1008 934 praegressa
1051 843 1281 912 vocula
1325 851 1490 921 xAI,
1539 841 1839 926 idemque
1884 841 2115 908 accidit
2160 839 2223 905 H
2270 839 2388 920 43,
2442 841 2485 907 2
2532 847 2598 908 et
2644 842 2738 909 IX
2778 843 2819 910 7
2844 843 2899 910 B
2920 893 2938 922 ,

560 953 673 1019 ubi
719 954 788 1016 in
837 951 1049 1017 codice
1096 951 1402 1018 Vaticano
1452 953 1624 1014 recte
1669 949 1983 1032 scriptum
2030 953 2127 1012 est
2174 948 2277 1013 καὶ
2316 942 2427 1014 ὅτι.
2513 948 2781 1016 Restant
2818 950 2945 1017 loci

561 1058 622 1123 II
683 1057 767 1123 50
829 1060 970 1123 init.
995 1105 1010 1136 ,
1076 1059 1190 1123 ubi
1250 1055 1571 1142 praecedit
1629 1051 1957 1119 ἙλλαΔΑ
2014 1059 2079 1118 et
2122 1053 2215 1120 VI
2264 1053 2349 1122 '75
2399 1075 2590 1140 prope
2636 1054 2742 1121 fin.
2764 1095 2781 1134 ,
2830 1055 2945 1122 ubi

558 1185 1000 1252 praegressum
1064 1170 1160 1230 est
1223 1162 1522 1241 λέγουΣῙ.
1609 1159 1841 1226 Nescio
1906 1161 2111 1248 igitur
2170 1181 2251 1226 an
2312 1159 2636 1228 Herodoto
2698 1183 2945 1248 quoque

561 1270 666 1356 hic
713 1289 866 1336 usus
913 1272 1000 1336 sit
1049 1267 1523 1336 abiudicandus.
1598 1265 1797 1334 Recte
1840 1266 2035 1332 habet
2080 1263 2226 1332 διότι
2276 1264 2369 1332 VI
2422 1265 2551 1333 105
2588 1268 2757 1334 med.
2794 1271 2947 1354 quia

557 1378 652 1444 ibi
697 1361 918 1446 revera
965 1375 1137 1444 valet
1183 1373 1261 1440 δι’
1313 1370 1404 1440 ὅτι
1456 1379 1532 1439 ut
1577 1374 1841 1440 fortasse
1889 1375 2123 1438 rectius
2168 1372 2369 1439 edidit
2410 1371 2609 1440 Stein.

651 1481 728 1548 In
768 1483 961 1548 huius
998 1484 1226 1568 capitis
1273 1482 1460 1546 initio
1505 1481 1622 1576 (α’).
1670 1481 1807 1544 sine
1854 1481 2278 1546 controversia
2322 1479 2767 1568 corrigendum
2812 1485 2942 1547 estt

563 1587 738 1667 ἔλεξέ
805 1597 924 1670 σφι
989 1589 1377 1668 Λευτυχίδης
1440 1585 1593 1652 τάδε
1622 1608 1637 1624 ·
1690 1583 1797 1650 ‘¹'ss
1858 1586 2199 1670 Ἀθηναῖοι,
2248 1586 2485 1652 ποιέετε
2534 1587 2648 1664 μὲν
2694 1587 2945 1667 ὁκότερα

565 1695 866 1775 βούλεσθε
927 1697 1146 1762 αὐτοί·
1212 1694 1318 1760 καὶ
1383 1696 1512 1774 γὰρ
1577 1691 1967 1768 ἀποδιδόντες
2029 1693 2417 1770 ποιήσετε
2484 1695 2622 1780 (pro
2668 1692 2945 1770 ποιέετε,

564 1803 731 1889 quod
794 1801 1152 1888 corruptela
1211 1805 1436 1866 natum
1495 1821 1530 1866 e
1591 1819 1956 1888 praegresso
2016 1799 2421 1888 imperativo)
2470 1795 2609 1866 ὅσια
2630 1849 2649 1879 ,
2700 1799 2807 1866 καὶ
2854 1801 2943 1878 μὶ

565 1906 952 1982 ἀποδιδόντες
1002 1909 1088 1974 τὰ
1137 1902 1384 1974 ἐναντία
1430 1905 1678 1973 τούτων.
2892 1910 2898 1917 “

662 2155 774 2221 VI.
839 2153 926 2220 94
987 2156 1131 2219 init.
1191 2153 1220 2218 ὃ
1269 2153 1333 2220 δὲ
1395 2152 1625 2233 Πέρσης
1673 2149 1744 2216 τὸ
1793 2151 2012 2217 ἑωυτοῦ
2063 2151 2257 2216 ἐποίεε
2308 2151 2439 2217 κτὲ.
2514 2150 2682 2232 Quia
2724 2151 2753 2216 ὅ
2799 2150 2949 2234 Πέρ-

576 2285 686 2338 σης
748 2267 843 2327 est
901 2281 1013 2327 rex
1073 2259 1412 2326 Persarum
1477 2259 1747 2338 Darius,
1794 2278 1947 2325 mox
1992 2257 2161 2324 male
2208 2257 2488 2324 abundat
2530 2277 2762 2324 nomen
2808 2277 2949 2344 pro-

569 2372 784 2456 prium
847 2369 874 2434 ὃ
938 2376 1194 2447 Δαρεῖος
1257 2369 1354 2432 in·
1385 2367 1596 2436 verbis
1659 2361 1801 2444 ἅμα
1866 2364 1931 2430 δὲ
1991 2362 2362 2446 βουλόμενος
2420 2363 2475 2453 [ὃ
2524 2365 2811 2452 Δαρεῖος]
2864 2401 2945 2414 -

578 2473 1122 2557 καταστρέφεσθαι
1172 2473 1303 2540 κτὲ.
2192 2464 2197 2470 ’

663 2722 771 2789 VI.
833 2720 918 2787 95
986 2718 1396 2799 ἐσβαλόμενοι
1462 2720 1526 2785 δὲ
1572 2719 1712 2792 τοὺς
1760 2716 1981 2791 ἵππους
2030 2720 2089 2793 ἐς
2140 2718 2417 2798 ταύτας,
2467 2719 2571 2785 καὶ
2619 2719 2723 2785 τὸν
2771 2720 2953 2801 πεζὸν

569 2828 790 2910 ςρατὸν
855 2826 1316 2907 ἐσβιβάσαντες
1381 2826 1471 2909 [ἐς
1520 2824 1639 2897 τὰς
1691 2823 1859 2909 νέας]
1909 2822 2140 2891 ἔπλωον
2189 2826 2532 2909 ἑξακοσίῃσι
2581 2826 2841 2908 τριήρεσι
2888 2826 2948 2900 ἐς

565 2937 676 3009 τὴν
727 2934 979 2999 Ἰωνίαν.
1048 2931 1263 2999 Verba
1318 2934 1378 3004 ἐς
1424 2930 1541 3002 τὰς
1585 2926 1720 3003 νέας
1764 2931 1910 2997 boni
1948 2930 2100 2997 libri
2145 2932 2221 2996 ΒΙ
2253 2932 2311 2997 Β.
2351 2933 2701 3018 omittunt,
2740 2935 2952 3000 nescio

567 3062 646 3107 an
693 3045 877 3107 recte.
970 3037 1135 3103 Nam
1187 3058 1332 3102 cum
1384 3038 1443 3109 ἔς
1495 3036 1737 3109 ταύτας
1789 3038 2097 3104 referatur
2142 3038 2221 3103 ad
2260 3040 2328 3104 αἱ
2370 3038 2737 3117 ἱππαγωγοὶ
2780 3039 2951 3112 νέες

568 3150 637 3211 in
697 3147 1084 3233 praegressis
1103 3192 1120 3227 ,
1173 3146 1230 3208 si
1275 3146 1542 3229 scriptor
1588 3146 2014 3210 necessarium
2062 3144 2346 3211 duxisset
2394 3144 2638 3231 aliquid
2686 3145 2913 3212 addere
2931 3193 2948 3224 ,

571 3252 953 3335 addidisset,
1020 3251 1269 3335 opinor,
1338 3236 1397 3321 ἐς
1462 3250 1580 3319 τὰς
1627 3250 1923 3331 τριήρεας.
1998 3249 2429 3316 Veruntamen
2475 3254 2625 3337 quia
2670 3252 2808 3338 ipsa
2852 3272 2951 3317 res

567 3356 976 3443 loquebatur,
1041 3376 1168 3421 non
1228 3357 1297 3420 in
1359 3356 1737 3443 hippagiues
1791 3356 2149 3442 pedestrem
2195 3360 2547 3423 exercitum
2594 3360 2950 3423 coniectum

570 3484 702 3529 esse
764 3468 828 3529 et
891 3462 1313 3549 sequebantur
1380 3462 1574 3530 verba
1636 3461 1870 3528 ἔπλωον
1932 3462 2315 3545 ἑξακοσίῃσι,
2380 3462 2458 3529 de
2521 3462 2835 3530 industria
2878 3484 2953 3530 ea

569 3572 806 3635 omisit.

660 3814 778 3881 VI.
847 3810 967 3891 9¹7,
1027 3812 1070 3879 2
1125 3813 1184 3877 ἐν
1230 3822 1306 3896 τῇ
1355 3813 1522 3897 χώρῃ
1570 3814 1622 3879 οἷ
1670 3812 1771 3879 δύο
1818 3812 1932 3878 θεοὶ
1982 3812 2297 3893 ἐγένοντο,
2345 3814 2583 3891 ταύτην
2626 3815 2817 3893 μηδὲν
2860 3816 2952 3883 σί-

565 3924 772 3988 νεσθαι
816 3922 978 3998 μήτε
1030 3920 1222 3995 αὐτὴν
1269 3920 1412 3994 τὴν
1458 3919 1721 4001 χώρην
1770 3921 1933 3998 μήτε
1979 3921 2118 3992 τοὺς
2166 3921 2479 4002 οἰκήτορας
2520 3923 2797 3997 αὐτῆς.
2844 3922 2951 3991 Sic

567 4028 652 4097 IV
723 4027 854 4093 184
918 4028 1140 4099 αὐτούς
1201 4050 1272 4091 τε
1318 4027 1457 4100 τοὺς
1511 4028 1846 4107 ἀνθρώπους
1901 4026 2003 4093 καὶ
2055 4028 2161 4101 τὴν
2208 4028 2411 4109 χώρην
2458 4030 2659 4093 αὐτῶν
2706 4034 2769 4095 et
2816 4026 2951 4095 VII

573 4136 649 4201 11
711 4140 870 4200 extr.
921 4132 1100 4197 αὐτοί
1144 4156 1217 4196 τε
1261 4130 1547 4213 ὤνθρωποι
1597 4133 1701 4199 καὶ
1756 4136 1789 4210 ἡ
1838 4142 1925 4211 γῆ
1975 4136 2193 4201 αὐτῶν.
2248 4172 2332 4185 -
2382 4132 2686 4201 Ceterum
2734 4155 2812 4201 ex
2854 4138 2951 4201 in-

568 4242 908 4325 scriptione
960 4238 1221 4305 Deliaca
1267 4241 1334 4303 in
1383 4238 1709 4319 „Bulletin
1758 4239 1837 4305 de
1890 4259 2045 4306 corr.
2095 4239 2309 4305 Hell.”
2354 4240 2443 4305 VI
2494 4240 2667 4305 1-3
2712 4262 2774 4327 p.
2820 4240 2951 4308 152

565 4360 823 4433 apparet
875 4345 1174 4411 Datidem
1237 4364 1360 4411 nou
1427 4350 1680 4411 tantum
1742 4346 1983 4432 templo
2046 4345 2302 4413 Deliaco
2382 4350 2761 4432 pepercisse,
2840 4346 2949 4413 sed

559 4456 752 4520 etiam
797 4452 1119 4519 dedicasse
1160 4452 1253 4517 ibi
1295 4452 1572 4518 donaria.
1621 4451 1929 4519 Recenset
1968 4456 2141 4519 enim
2181 4456 2237 4519 is
2265 4452 2499 4519 titulus
2522 4453 2689 4521 inter
2716 4452 2947 4541 templi
