3436 5161
1397 406 1656 456 oassms
1697 406 1829 454 mo.
2672 385 2804 453 813

423 568 540 634 εἴτ’
601 567 782 642 ὅντως
847 566 1034 641 οὕτως
1095 567 1220 636 εἴτε
1285 570 1390 634 καὶ
1456 570 1667 650 ἑτέρως
1715 595 1845 642 πως
1897 569 2053 649 ἔχει.
2105 570 2438 648 προσέσται
2490 569 2698 648 μέντοι
2744 596 2805 636 τι

423 676 634 747 αὐτοῖς
696 675 803 741 καὶ
850 683 962 751 τῆς
1011 675 1162 752 ἐμῆς
1211 672 1506 752 δοξασίας
1526 723 1542 754 ,
1592 678 1652 748 ἐς
1703 671 1837 742 ὅσον
1885 674 2239 755 ἐνδέχεται,
2294 676 2355 740 ἐν
2401 671 2487 748 οἷς
2535 675 2697 743 ἀλλο
2742 702 2802 743 τι

419 785 666 860 μᾶλλον
730 781 764 858 ἦ
829 782 900 847 τὸ
964 780 1356 860 θρυλούμενον
1421 783 1706 859 ἠδυνήθην
1758 783 1828 846 ἐκ
1880 787 2126 846 πολλῶν
2173 775 2249 846 ὧν
2298 780 2567 860 ἀνέγνων
2615 783 2649 858 ἢ
2698 783 2803 848 καὶ

421 886 652 962 ἥκουσα
707 887 744 963 ἢ
799 887 907 952 καὶ
955 882 1110 953 εἶδον
1157 889 1604 968 τεκμήρασθαι.
1674 887 1761 953 Et
1806 909 2025 954 rursus
2072 885 2191 966 54,
2248 887 2329 952 15
2371 889 2436 952 οὐ
2476 889 2603 968 γὰρ
2642 887 2805 956 ἔστιν

420 992 688 1072 ἀκριβῶς
733 993 822 1058 τὰ
867 997 1134 1059 τοιαῦτα
1172 1003 1298 1066 τοῖς
1341 992 1452 1070 ἔξω
1489 996 1692 1060 αὐτῶν
1735 989 1895 1060 οὖσιν
1937 993 2193 1059 εἰδέναι·
2224 1031 2303 1044 ·-
2336 995 2442 1059 καὶ
2484 995 2586 1061 διὰ
2625 1001 2804 1063 τοῦτο

421 1099 526 1166 καὶ
590 1100 712 1177 ἐγὼ
777 1099 1026 1178 γνώμην
1093 1097 1228 1183 ἔχω·
1285 1103 1418 1181 περ)
1489 1100 1736 1168 πάντων
1797 1106 1916 1166 τῶν
1976 1100 2441 1180 τοιουτοτρόπων
2503 1102 2673 1167 αὐτὰ
2718 1103 2805 1168 τὰ
2858 1109 2867 1118 “

419 1203 740 1284 λεγόμενα
801 1204 1214 1288 συγγράψαι,
1285 1207 1472 1285 μηδὲν
1535 1207 1686 1288 ὑπὲρ
1743 1207 1827 1272 τὰ
1874 1206 2431 1292 δεδημοσιευμένα,
2478 1209 2642 1285 πλῇν
2686 1217 2805 1276 τῶν

423 1309 588 1377 πάνυ
620 1317 932 1397 Φανερῶν,
975 1315 1140 1390 μήτε
1179 1320 1708 1394 πολυπραγμονῶν
1741 1313 1885 1391 μήθ’
1910 1313 2227 1390 ὑπολέγων
2244 1359 2261 1391 ,
2288 1313 2439 1389 μήτ’
2472 1315 2523 1378 εἰ
2556 1315 2803 1388 δικαίως

421 1418 575 1496 μήτ’
619 1420 674 1484 εἰ
722 1419 942 1492 ἀδίκως
999 1443 1058 1486 τι
1107 1419 1368 1498 γέγονε,
1415 1420 1567 1497 μήτ’
1614 1421 1668 1485 εἴ
1707 1420 1945 1497 ψευδῶς
1990 1420 2139 1497 μήτ’
2178 1420 2231 1484 εἱ
2270 1419 2509 1493 ἀληθῶς
2552 1419 2805 1500 εἴρηται.

423 1523 848 1590 καὶτοῦτο
896 1523 1042 1604 μέν
1088 1548 1222 1603 μοι
1271 1524 1406 1592 καὶ
1457 1527 1676 1592 κατὰ
1723 1531 1868 1590 τῶν
1912 1525 2129 1604 μετὰ
2176 1529 2444 1590 ταῦτα
2492 1531 2804 1608 γραφη-

421 1629 774 1707 σομένων
821 1631 1178 1710 εἰρήσθω.
1251 1630 1520 1717 Saepius
1565 1633 1721 1698 talia
1766 1633 2027 1718 repetit,
2080 1637 2144 1696 et
2187 1631 2281 1696 ibi
2326 1651 2573 1716 quoque
2621 1639 2805 1698 caute

421 1741 486 1803 et
541 1739 996 1824 circumspecte
1043 1737 1322 1814 iudicat,
1373 1738 1486 1803 ubi
1531 1738 1598 1802 id
1645 1739 1917 1802 minime
1964 1739 2447 1821 exspectaveris.
2498 1736 2674 1801 Libri
2716 1735 2802 1802 55

419 1843 608 1909 initio
643 1843 854 1909 Druso
872 1891 888 1920 ,
931 1842 1172 1909 Tiberii
1213 1844 1395 1910 fratri
1418 1845 1485 1908 in
1525 1841 1938 1910 Germaniam
1964 1841 2330 1925 invadenti,
2354 1843 2660 1908 feminam
2686 1843 2803 1909 hu-

419 1968 610 2014 mana
667 1950 874 2033 specie
932 1949 1335 2036 grandiorem
1401 1950 1658 2016 obviam
1724 1951 1973 2016 venisse
2026 1953 2270 2025 narrat,
2320 1969 2481 2033 quae
2528 1957 2799 2015 mortem

419 2056 762 2120 instantem
809 2057 1160 2120 vaticinata
1203 2054 1474 2120 ulterius
1519 2053 1819 2142 progredi
1863 2059 2139 2130 vetaret,
2196 2054 2398 2136 (idem
2446 2055 2597 2120 vide
2634 2055 2803 2140 apud

421 2158 800 2226 Suetonium
849 2182 912 2227 v.
963 2158 1189 2228 Claud.
1236 2161 1319 2246 1).
1369 2159 1540 2226 Tum
1580 2163 1826 2248 pergit:
1866 2160 2225 2236 θαυμαστὸν
2262 2160 2377 2238 μὲν
2414 2155 2512 2225 οὖν
2553 2161 2627 2225 τό
2662 2184 2802 2225 τινα

419 2265 626 2347 φωνῆν
686 2268 864 2345 παρὰ,
916 2271 1027 2332 τοῦ
1081 2266 1392 2344 δαιμονίου
1453 2265 1743 2339 τοιαύτην
1806 2290 1890 2345 τῳ
1950 2266 2277 2344 γενέσθαι,
2328 2266 2395 2330 οὔ
2442 2265 2649 2344 μέντοι
2698 2265 2801 2332 καὶ

423 2372 710 2436 ἀπιστεῖν
773 2367 922 2453 ἔχω.
993 2371 1087 2437 At
1145 2373 1359 2450 nobis,
1430 2371 1614 2438 credo
1633 2419 1650 2449 ,
1698 2374 1905 2438 maior
1950 2372 2289 2437 admiratio
2336 2372 2511 2436 subit
2557 2375 2804 2438 animos

421 2475 528 2543 vel
565 2481 876 2562 punctum
924 2479 1232 2562 temporis
1275 2477 1354 2542 de
1400 2477 1519 2543 hac
1566 2497 1632 2542 re
1678 2497 1827 2572 eum
1870 2475 2227 2560 dubitasse,
2269 2478 2381 2560 qui
2404 2495 2471 2541 se
2493 2477 2709 2561 ipsum
2734 2477 2803 2542 in

420 2604 642 2651 somno
705 2604 859 2652 voce
920 2585 1138 2653 divina
1193 2584 1274 2651 ad
1321 2585 1654 2651 historiam
1703 2584 2215 2650 conscribendam
2263 2583 2617 2667 impulsum
2668 2606 2803 2651 esse

421 2710 606 2775 saepe
668 2691 1022 2775 praedicet,
1087 2710 1184 2776 ep.
1249 2689 1375 2766 ¹72,
1444 2689 1532 2755 23
1595 2690 1700 2775 (cf.
1752 2688 1879 2773 ¹78,
1933 2688 2065 2771 10).
2144 2688 2288 2754 Nisi
2332 2689 2495 2754 forte
2539 2692 2625 2771 τῷ
2672 2689 2802 2754 δαι-

420 2796 602 2877 μονίῳ
665 2794 988 2861 difficilius
1050 2800 1146 2861 est
1205 2797 1454 2862 homini
1516 2794 1820 2882 vigilanti
1880 2814 2071 2881 quam
2144 2792 2486 2859 dormienti
2556 2794 2802 2881 aliquid

419 2899 813 2987 praecipere!
860 2901 934 2967 In
983 2904 1116 2967 suis
1163 2907 1378 2967 autem
1419 2903 1817 2987 temporibus
1858 2899 2219 2967 enarrandis
2244 2902 2472 2966 omnia
2493 2948 2509 2979 ,
2549 2904 2803 2968 minuta

421 3028 671 3094 quoque
688 3057 706 3093 ,
747 3013 1037 3074 accurate
1074 3010 1365 3093 persequi
1401 3030 1468 3074 se
1503 3007 1672 3075 velle
1718 3006 2048 3093 profitetur
2074 3002 2128 3091 1)
2145 3054 2163 3090 ,
2211 3011 2398 3091 atque
2446 3010 2640 3072 etiam
2690 3028 2767 3074 ea
2786 3056 2803 3085 ,

421 3134 582 3201 quae
649 3114 954 3181 historiae
1007 3116 1328 3203 gravitate
1389 3134 1616 3200 pamm
1679 3114 1879 3201 digna
1936 3114 2213 3197 cuipiam
2286 3113 2494 3177 videri
2561 3116 2805 3198 possint

421 3218 612 3301 ὥςπερ
671 3244 732 3285 τι
798 3216 960 3285 ἄλλο
1021 3226 1140 3285 τῶν
1202 3221 1522 3299 μεγίστων
1569 3219 1672 3284 καὶ
1727 3216 2251 3297 ἀναγκαιοτάτων
2296 3228 2372 3299 τῇ
2421 3221 2636 3301 μνήμῃ
2683 3220 2803 3285 τῶν

419 3326 714 3392 ἱσέπειτα
777 3325 1072 3403 ἐσομένων
1133 3326 1513 3405 παραδοῦναι
1575 3328 1699 3413 (ep.
1767 3323 1853 3392 '72
1874 3374 1892 3410 ,
1960 3322 2090 3409 18).
2174 3323 2397 3410 Neque
2455 3327 2693 3390 iniuria
2736 3328 2805 3391 in

417 3432 540 3497 hac
599 3430 830 3498 ultima
889 3436 1068 3516 parte
1129 3434 1504 3520 nugatoriae
1563 3429 1854 3498 levitatis
1912 3434 2246 3497 accusatur
2310 3429 2417 3511 (cf.
2480 3450 2535 3496 e.
2586 3453 2655 3518 g.
2704 3452 2801 3517 ep.

422 3535 534 3614 ¹76,
585 3536 678 3621 8).
726 3536 984 3603 Nollem
1029 3544 1246 3602 tamen
1294 3536 1668 3603 Reimarum
1717 3544 1805 3621 (p.
1860 3534 2065 3616 1541)
2103 3539 2401 3622 questum
2442 3556 2611 3619 esse,
2652 3556 2802 3601 eum

417 3642 487 3708 in
543 3648 752 3709 aetate
807 3644 1220 3727 imperatoria
1281 3642 1628 3709 enarranda
1692 3639 1977 3720 „multas
2038 3661 2139 3706 res
2182 3641 2596 3729 gravissimas
2643 3663 2805 3729 quae

418 3745 525 3815 vel
583 3748 664 3813 ad
727 3750 1008 3814 universi
1063 3749 1224 3813 iuris
1285 3748 1389 3814 vel
1439 3753 1608 3813 certe
1654 3749 1913 3833 imperii
1961 3744 2233 3812 Romani
2282 3748 2801 3813 constitutionem

419 3852 849 3940 pertinerent”
925 3852 1282 3940 neglexisse
1350 3859 1464 3919 aut
1532 3854 1644 3919 vix
1714 3854 1919 3919 obiter
1987 3854 2298 3939 attigisse.
2390 3851 2802 3937 Xiphilinum

417 3962 633 4045 potius
692 3963 1057 4024 accusatum
1123 3961 1440 4043 oportuit,
1511 3978 1662 4024 nam
1716 3959 1954 4043 ubique
2014 3958 2311 4023 videmus
2372 3956 2802 4043 Byzantinum

419 4064 746 4131 hominem
785 4063 994 4130 levem
1039 4070 1104 4131 et
1139 4063 1393 4131 futilem
1435 4065 1811 4131 huiusmodi
1847 4060 2353 4129 narratiunculas
2398 4061 2619 4128 sedulo
2660 4084 2803 4131 con-

417 4173 772 4256 quirentem
835 4190 988 4236 cum
1042 4190 1141 4237 res
1202 4172 1516 4257 gravioris
1579 4172 1891 4236 momenti
1949 4172 2019 4234 in
2079 4168 2270 4235 breve
2316 4169 2647 4235 contrahat
2692 4176 2805 4236 aut

417 4278 678 4342 omnino
725 4277 1008 4342 omittat.

488 4435 538 4495 1)
581 4431 751 4482 πάντα
784 4433 855 4482 τὰ
897 4428 978 4481 ἔπ’
1014 4428 1140 4493 ἂμοῦ
1175 4428 1470 4495 πραχθέντα
1505 4431 1590 4482 καὶ
1626 4430 1985 4495 λεπτουργῆσω
2021 4428 2107 4481 καὶ
2136 4428 2503 4494 &meamea
2538 4434 2736 4493 μᾶλλον
2766 4428 2799 4489 ἢ

420 4514 490 4564 τὰ
523 4517 751 4577 πρότερα.
