3436 5161
1419 403 1818 458 moneres.
2723 388 2809 458 21

425 563 603 631 abest
663 563 694 631 1
754 563 909 634 207.
972 567 1063 632 IV
1132 567 1279 634 120.
1348 569 1496 638 136.
1567 569 1656 636 VI
1722 570 1825 636 95.
1893 571 2049 638 VIII
2112 571 2219 638 38.
2279 571 2371 639 IX
2445 571 2553 641 69.
2624 574 2807 640 Idem

421 674 634 738 neseio
712 693 792 738 an
867 679 1080 740 nostro
1138 675 1531 742 reddendum
1595 678 1681 742 sit
1746 677 1807 744 11
1872 676 2001 743 119
2067 677 2275 759 οἴχετο
2344 682 2598 761 φεύγων
2667 691 2809 763 τῇσι
2916 722 2919 725 -

425 777 592 851 νηυσὶ
659 779 791 844 ἐπὶ
858 781 1141 867 Λιβύης,
1204 782 1318 863 ubi
1380 782 1764 849 Plutarchus
1824 783 1992 850 Mor.
2040 806 2103 871 p.
2152 784 2283 852 857
2330 787 2391 850 h.
2447 786 2491 853 1.
2542 785 2808 853 laudans

426 884 620 951 habet
664 883 786 951 ἰθὺ
834 885 967 951 ἐπὶ
1013 886 1300 972 Λιβύης,
1347 887 1514 954 unde
1559 889 2007 978 corrigendum
2055 890 2337 976 suspicor
2377 891 2498 957 Ῐθὺ
2538 891 2805 970 Λιβύης.

517 1127 591 1193 V.
659 1125 744 1196 67
809 1127 990 1193 ἐλθὼν
1044 1166 1126 1178 -
1175 1129 1689 1212 ἐχρηστηριάζετο
1707 1182 1727 1215 ,
1792 1133 1843 1198 εἱ
1906 1131 2257 1210 ἐκβάλοι
2304 1133 2406 1198 τὸν
2448 1133 2809 1214 “’Λδρηστον.

427 1232 674 1300 Debree
714 1233 1000 1315 ἐκβάλλῃ
1037 1235 1322 1320 requirit.
1386 1234 1882 1305 Coniunctivum
1948 1241 2199 1322 requiro
2246 1243 2312 1303 et
2357 1258 2478 1327 ego
2523 1241 2632 1306 sed
2682 1262 2809 1307 rec-

427 1340 673 1405 tissime
733 1339 926 1406 habet
980 1343 1272 1407 Aoristus
1319 1340 1599 1422 ἐκβάλῃ,
1650 1349 1727 1408 ut
1772 1351 1907 1430 ipse
1952 1343 2200 1410 Dobree
2248 1344 2333 1409 VI
2387 1345 2514 1411 135
2566 1349 2807 1433 optime

425 1447 698 1511 correxit
757 1443 1033 1522 ἔπεμπον
1102 1447 1156 1511 δ’
1227 1448 1716 1526 ἐπειρησομένους
1790 1451 1841 1514 εἰ
1912 1451 2626 1531 καταχρήσωνται
2696 1454 2807 1528 τῆν

427 1551 792 1631 ὑποζάκορον
851 1573 964 1638 pro
1027 1555 1558 1635 καταχρῆσονται.
1645 1553 1753 1620 Sic
1813 1555 1967 1620 VIII
2030 1554 2116 1622 36
2178 1564 2347 1622 recte
2408 1556 2557 1624 libri
2606 1559 2801 1637 ἐμαν-

421 1658 664 1724 τεύοντο
713 1695 800 1708 --
847 1657 972 1724 εῐτε
1015 1658 1388 1738 κατορύξωσι
1429 1658 1554 1726 εἴτε
1599 1662 1983 1739 ἐκκομίσωσι.
2044 1661 2121 1727 In
2164 1665 2529 1748 quaestione
2566 1665 2807 1732 directa

423 1764 764 1830 dicendum
825 1771 991 1830 erat:
1060 1765 1314 1844 ἐκβάλω
1371 1767 1748 1852 Ἀδρηστονς
1809 1789 2083 1854 eumque
2130 1769 2395 1834 modum
2442 1769 2807 1838 Herodotus

425 1890 674 1937 servare
737 1869 900 1936 solet
957 1875 1022 1936 in
1078 1875 1444 1958 quaestione
1489 1873 1800 1940 indirecta
1846 1873 2040 1939 etiam
2091 1880 2233 1960 post
2280 1883 2566 1961 tempora
2612 1878 2809 1943 histo·

421 1977 570 2042 rica.
643 1975 906 2056 Quando
954 1997 1104 2042 vero
1153 1983 1297 2062 post
1339 1979 1672 2056 ἐπειρωτᾶν
1720 1978 2085 2065 similiaque
2128 1985 2436 2065 sequatur
2484 1983 2807 2066 optativus

423 2079 606 2146 docet
645 2083 813 2147 inter
848 2081 1160 2167 plurimos
1199 2081 1368 2150 locos
1409 2084 1462 2149 V
1507 2083 1593 2150 73
1631 2085 1928 2163 ἐπειρώτα
1961 2085 2119 2158 τίνες
2148 2085 2341 2157 ἐόντες
2372 2124 2454 2135 -
2481 2087 2807 2153 δεοίατο

423 2187 697 2266 Περσέων
762 2189 1104 2280 σύμμαχοι
1169 2191 1473 2266 γενέσθαι.
1550 2187 1647 2256 Cf.
1695 2210 1802 2255 me
1848 2190 1919 2256 O.
1970 2188 2040 2257 C.
2093 2212 2159 2276 p.
2211 2190 2299 2256 29
2348 2213 2441 2277 sq.
2491 2192 2589 2258 ad.
2640 2191 2672 2258 I
2720 2193 2807 2259 46

423 2313 514 2377 sq.
566 2294 677 2357 ubi
724 2293 910 2359 hodie
955 2314 1080 2358 non
1129 2294 1353 2360 dubito
1399 2295 1554 2381 quin
1602 2317 1827 2361 verum
1878 2297 1963 2361 sit
2001 2295 2337 2377 ἕτιχειρέῃ.
2387 2296 2567 2377 Quod
2591 2304 2809 2365 noster

423 2397 454 2463 1
495 2397 580 2463 53
617 2399 959 2465 variandae
997 2401 1300 2466 orationis
1338 2422 1530 2467 causa
1567 2402 1824 2487 scripsit
1864 2401 2082 2488 (modo
2118 2405 2443 2488 scripserit
2484 2404 2534 2467 εἰ
2576 2425 2807 2482 στρα-

420 2507 767 2579 τεύηται
820 2541 900 2554 -
954 2503 1058 2571 κα)
1127 2507 1178 2570 εἰ
1228 2543 1314 2556 —-
1361 2507 1899 2591 προσθέοιτο),
1947 2526 2073 2572 non
2119 2527 2261 2572 eam
2309 2508 2501 2573 habet
2540 2509 2674 2575 vim
2724 2513 2801 2576 ut

419 2617 671 2678 mutem
719 2614 1120 2678 sententiam.
2414 2628 2419 2634 ·

513 2856 588 2921 V.
639 2855 722 2923 67
791 2858 862 2923 In
929 2857 1186 2925 oraculo
1233 2858 1381 2924 dato
1426 2855 1777 2925 Clistheniz
1822 2858 2159 2935 ’Ἄδρηστον
2207 2859 2321 2934 μὲν
2365 2853 2520 2924 εἶναι
2569 2868 2795 2925 Σικυω-

419 2963 551 3027 νίων
596 2963 915 3042 βασιλέα,
964 2966 1186 3029 ἐκεῖνον
1236 2964 1300 3029 δὲ
1348 2970 1761 3040 λευστῆρα
1803 2966 2100 3051 ignotum
2125 2965 2588 3049 obscurumque
2611 2982 2802 3031 voca-

418 3068 680 3147 bulum,
730 3071 898 3156 quod
937 3078 1288 3159 agnoscunt
1326 3072 1775 3158 grammatici,
1816 3072 2173 3156 antiquitus
2212 3070 2630 3155 depravatum
2669 3091 2803 3137 esse

418 3178 720 3261 suspicor.
793 3176 938 3241 Nisi
983 3175 1172 3242 fallor
1191 3223 1209 3255 ,
1255 3175 1495 3262 Pythia
1543 3174 1938 3241 Clisthenem
1984 3176 2411 3264 ignominiose
2456 3175 2803 3263 appellavit

416 3287 848 3364 ληιστῆρα.

507 3523 584 3590 V.
652 3523 739 3594 72
796 3544 989 3611 prope
1047 3525 1190 3591 init.
1254 3524 1904 3597 ἀντισταθείσης
1969 3522 2033 3588 δὲ
2093 3512 2206 3599 τῆξ
2269 3522 2501 3600 βουλῆς
2563 3523 2668 3589 καὶ
2734 3525 2801 3589 οὔ

417 3630 794 3711 βουλομένης
865 3631 1204 3697 πείθεσθαι.
1304 3633 1598 3698 Aoristus
1667 3632 1959 3717 passivus
2028 3632 2328 3704 σταθῆναι
2401 3649 2516 3715 pro
2583 3636 2806 3703 στῆναι

414 3736 864 3823 relinquendus
927 3742 1024 3804 est
1086 3740 1383 3825 tragicis,
1439 3736 1957 3821 reddendumque
2004 3741 2219 3802 nostro
2264 3737 2807 3812 ἄντιστοίσης.
2884 3750 2888 3753 ’

412 3841 512 3909 De
557 3843 677 3911 hoc
725 3846 864 3930 ipso
913 3847 1267 3930 composito
1308 3844 1389 3909 cf.
1443 3842 1530 3907 VI
1583 3842 1736 3909 117.
1785 3841 1903 3907 VII
1951 3840 2058 3906 53.

507 4069 582 4137 V.
653 4070 739 4138 '73
795 4074 885 4139 τὰ
950 4072 1294 4140 ἑπτακόσια
1345 4072 1560 4141 {wls-m
1606 4073 1692 4138 τὰ
1740 4070 2198 4153 διωχθέντα
2252 4069 2367 4135 ὑπὸ
2414 4072 2804 4148 Κλεομένεος.

415 4177 582 4259 Quia
629 4178 948 4268 significat
998 4179 1462 4245 ἐκπεσόντα
1503 4185 1793 4265 expectes
1837 4175 2428 4258 ἐκδιωχθέντα.
2480 4175 2807 4245 ΟΕΤὶιιιο.

414 4284 450 4350 I
511 4283 625 4351 24.
691 4284 872 4352 Dem.
947 4284 1062 4366 32,
1133 4286 1196 4351 6.
1247 4285 1330 4353 al.
1401 4288 1492 4352 Ac
1542 4284 1731 4351 facile
1776 4305 1927 4350 sane
1971 4292 2115 4370 post
2160 4282 2533 4351 simillimos
2581 4285 2812 4352 ductus

415 4388 782 4456 litterarum
853 4392 907 4457 δι
969 4391 1256 4459 excidere
1319 4394 1530 4478 potuit
1596 4392 1979 4477 praepositio
2037 4388 2104 4466 ἐξ
2166 4409 2361 4476 quam
2428 4410 2614 4476 saepe
2660 4410 2809 4458 cum

412 4496 517 4563 διαί
566 4496 868 4564 confundi
907 4504 1171 4565 constat.
1245 4498 1550 4564 Attamen
1597 4497 1762 4563 infra
1807 4517 2057 4583 quoque
2106 4516 2243 4582 cap.
2296 4494 2384 4560 92
2436 4497 2532 4563 bis
2579 4496 2812 4563 διώκειν
