3436 5161
1304 370 1577 421 rnavrus
1622 371 1956 422 sosarnus.
1979 388 1988 408 =
2688 350 2820 419 375

446 557 627 611 νοις,
676 536 777 599 uti
822 540 888 601 et
931 537 1147 621 Antiq.
1203 535 1305 602 15.
1356 534 1416 603 ¹7.
1468 537 1544 603 4:
1595 540 1702 613 τὴν
1750 536 2130 618 κατηγορίαν
2193 532 2820 613 ἐσπουδασμένως

449 639 799 719 ποιούμενος
845 661 960 728 pro
1007 641 1712 722 ἐσπουδασμένην.

534 849 773 919 Itidem
821 855 1072 920 minuta
1116 854 1358 940 aliquot
1404 857 1565 923 vitia
1603 861 1846 921 restant
1884 857 1952 919 in
1988 855 2206 941 Antiq.
2251 855 2355 921 15.
2395 854 2458 921 5.
2489 853 2562 923 3:
2600 856 2824 922 Πολλὰ

445 958 622 1039 περὶ
671 959 843 1025 τόνδε
888 959 991 1025 τὸν
1039 962 1238 1041 καιρὸν
1284 962 1662 1040 γεγένηται,
1713 982 1946 1047 repono
1994 964 2243 1043 παρὰ,
2308 962 2478 1049 quod
2522 970 2690 1029 recte
2735 962 2825 1029 le-

444 1066 626 1153 gitur
683 1069 754 1132 in
812 1074 1097 1133 extrema
1155 1070 1569 1155 paragrapho.
1622 1102 1703 1117 ——
1757 1069 1952 1133 Οὐδέν
2011 1069 2101 1137 ἕςι
2165 1074 2429 1134 τοιοῦτον
2453 1120 2468 1145 ,
2535 1066 2563 1134 ὃ
2611 1070 2704 1146 μὴ
2749 1068 2824 1134 δι’

447 1170 570 1243 ἑνὸς
632 1170 810 1253 ἔργον
871 1174 1073 1245 καλῶς
1136 1174 1511 1255 πραχθέντος
1576 1172 2222 1260 ἐπανορθώσετε,
2270 1175 2450 1263 lege:
2501 1175 2826 1257 ἐπανορ-

445 1275 812 1347 θώσεται.
846 1316 913 1329 -
950 1287 1089 1347 Τῶν
1135 1283 1199 1347 ἐν
1244 1282 1390 1360 ἡμῖν
1437 1280 1708 1349 δεινῶν
1757 1280 1920 1348 οὐδέν
1966 1283 2131 1361 lew,
2181 1282 2358 1371 lege:
2409 1281 2690 1349 δεινόν.

532 1489 709 1573 Quae
769 1493 987 1580 Antiq.
1042 1494 1146 1560 15.
1198 1492 1260 1561 ’7.
1309 1494 1387 1575 4,
1454 1494 1533 1562 de
1592 1494 1824 1563 Soemo
1884 1495 2254 1574 traduntur,
2320 1493 2542 1561 eadem
2603 1496 2826 1579 paucis

442 1600 694 1685 paginis
738 1605 887 1666 ante
932 1601 1167 1667 tradita
1202 1602 1453 1668 fuerant
1492 1602 1569 1669 de
1605 1601 1644 1668 J
1648 1603 1880 1689 osepho
1919 1602 2206 1669 Salomes
2241 1603 2495 1669 marit0.
2544 1602 2824 1687 Apparet

443 1702 648 1790 igitur
691 1712 939 1790 praeter
982 1710 1155 1795 regis
1198 1706 1473 1775 Herodis
1522 1712 2010 1777 commentarios
2030 1756 2047 1789 ,
2095 1711 2316 1795 Antiq.
2371 1708 2471 1775 15.
2525 1706 2588 1773 6.
2639 1707 2712 1787 3,
2761 1714 2828 1774 et

441 1806 780 1876 Nicolaum
840 1804 1306 1881 Damascenum
1366 1818 1562 1881 etiam
1626 1818 1893 1881 tertium
1958 1814 2272 1902 quendam
2323 1817 2693 1901 scriptorem
2745 1814 2826 1880 ab

440 1913 715 2003 Josepho
758 1919 1123 1987 adhibitum
1169 1922 1381 1989 fuisse.
1444 1921 1627 1989 Idem
1674 1921 2119 1989 confirmatum
2167 1922 2414 1988 videbis
2449 1923 2667 2009 Antiq.
2718 1918 2822 1987 16.

442 2017 503 2087 ’7.
560 2024 617 2089 l.
688 2023 827 2107 Quo
870 2030 1083 2115 magis
1126 2030 1198 2094 in
1242 2030 1628 2115 excerpendo
1674 2029 1883 2095 caruit
1927 2030 2166 2095 iudicio
2210 2026 2250 2093 J
2253 2028 2561 2113 osephus,
2611 2047 2686 2093 eo
2731 2026 2825 2093 fa-

440 2127 631 2195 cilius
678 2150 753 2196 ea
794 2152 896 2198 res
941 2137 1255 2222 arguitur.

529 2342 950 2433 Mariamme,
1014 2350 1231 2436 Antiq.
1294 2350 1398 2416 15.
1448 2346 1511 2417 ’7.
1561 2347 1637 2428 6,
1697 2370 1823 2417 non
1883 2346 2107 2415 κάλλει
2170 2351 2458 2425 σώματος
2510 2346 2630 2419 τὰς
2676 2349 2822 2413 κατ’

439 2450 633 2523 αὐτὴν
680 2452 1083 2533 ὑπερῆγεν
1130 2455 1241 2521 sed
1288 2456 1700 2535 ὑπερῆρεν.
1748 2454 1972 2541 Neque
2009 2452 2314 2549 ‘intelligo
2351 2454 2568 2538 Antiq.
2615 2452 2716 2519 15.
2754 2450 2822 2519 9.

442 2554 483 2620 5
501 2604 520 2636 ,
568 2557 681 2624 nbi
740 2567 1033 2628 narratur
1078 2560 1363 2628 Herodes
1406 2582 1707 2649 purgasse
1755 2583 1820 2628 ae
1867 2559 2036 2648 apud
2085 2559 2394 2647 populum
2415 2611 2436 2645 ,
2479 2578 2678 2646 quum
2725 2558 2822 2626 di·

438 2672 606 2730 ceret
651 2685 719 2732 se
766 2667 1400 2756 magnificentissima
1435 2689 1595 2754 quae
1631 2671 2046 2734 exstruxisset
2080 2687 2293 2753 opera,
2323 2666 2613 2733 facienda
2635 2687 2818 2732 cura-

436 2771 604 2838 visse
648 2772 717 2838 in
762 2775 1041 2864 Augusti
1086 2777 1425 2854 honorem,
1472 2775 1625 2852 μηδὲ
1666 2781 1782 2840 τῶν
1823 2775 2048 2842 οἰκείων
2089 2773 2228 2839 ἐθῶν
2267 2771 2400 2838 ὅσον
2440 2781 2551 2847 τῆς
2593 2771 2816 2844 ἐκείνου

436 2886 625 2955 τιμῆς
672 2880 1011 2962 ἓςοχοὶσθαι
1056 2881 1623 2964 χαριζόμενος.
1694 2880 1900 2961 Sensu
1945 2901 2224 2950 vacuum
2269 2885 2368 2947 est
2405 2881 2815 2965 participium

437 2989 505 3050 et
547 2985 747 3054 incidi
790 2991 859 3054 in
903 2989 1643 3071 προφασιζόμενος.

528 3196 925 3266 Describitur
967 3206 1187 3288 portus
1233 3200 1571 3268 Caesareae
1614 3201 1832 3286 Antiq.
1873 3198 1981 3266 15.
2021 3198 2084 3265 9.
2129 3196 2203 3278 6,
2241 3201 2310 3265 in
2349 3219 2474 3284 qno
2497 3199 2817 3277 ἀπόβασις

437 3313 679 3370 πλατεῖ
730 3307 935 3390 κύκλῳ
996 3308 1491 3390 περιεςεφιένωκε
1551 3309 1653 3375 τὸν
1714 3307 1929 3374 πάντα
1991 3303 2256 3384 λιμένα,
2303 3308 2641 3389 περίπατος
2689 3315 2818 3379 τοῖς

436 3409 803 3478 θέλουσιν
848 3413 1069 3490 ἥδη-ος.
1115 3415 1283 3499 Quid
1330 3416 1449 3483 hoc
1496 3420 1591 3482 est
1638 3423 1766 3487 τοῖς
1815 3410 2124 3481 θέλουσινῗ
2169 3416 2272 3482 An
2316 3421 2442 3486 τοῖς
2476 3415 2816 3496 εἱληθεροῦ-

434 3513 569 3585 σινῗ
632 3517 885 3588 Gertius
930 3527 1147 3588 tamen
1189 3527 1287 3590 est
1331 3521 1486 3608 quid
1530 3523 1890 3606 requiratur
1933 3521 2151 3607 Antiq.
2205 3520 2308 3586 15.
2365 3520 2474 3586 10.
2525 3521 2604 3585 3:
2649 3521 2816 3589 οὐδὲ

434 3627 807 3702 μελῆσας
864 3628 892 3692 ὃ
940 3637 1181 3709 Καῖσαρ
1241 3627 1482 3695 ἀπέλυε
1540 3634 1658 3693 τῶν
1726 3631 1934 3693 αἰτιῶν
1998 3627 2296 3708 Ἡρώδην,
2361 3629 2474 3694 ubi
2532 3647 2658 3693 non
2718 3633 2816 3694 est

434 3733 588 3796 satis
635 3754 781 3800 cnm
829 3733 1118 3802 Bekkero
1161 3737 1432 3803 scribere
1477 3736 1806 3816 μελλήσας
1825 3781 1844 3815 ,
1890 3755 2042 3800 nam
2083 3737 2398 3802 sincerum
2437 3739 2564 3800 est:
2605 3732 2812 3800 οὐδὲν

432 3841 891 3918 μελλήσαῶ

526 4049 829 4139 Sequitur
896 4055 1235 4141 descriptio
1302 4056 1434 4122 fani
1454 4103 1470 4134 ,
1532 4054 1698 4142 quod
1760 4054 2042 4123 Herodes
2105 4052 2497 4133 aedificavit3
2559 4055 2630 4120 in
2687 4074 2815 4142 qua

432 4178 633 4244 quum
704 4166 835 4228 tam
906 4161 1117 4229 multa
1173 4163 1485 4248 impedita
1543 4165 1974 4249 reperiantur,
2036 4165 2148 4230 vix
2213 4161 2564 4248 quidquam
2623 4159 2816 4228 refert

433 4267 688 4332 minuta
747 4267 1056 4353 quaedam
1121 4272 1432 4358 corrigere
1476 4274 1571 4348 et,
1626 4275 1701 4336 ut
1747 4269 1868 4336 hoc
1914 4275 2094 4352 utar,
2143 4269 2358 4356 Antiq.
2417 4267 2522 4334 15.
2577 4268 2684 4335 11.
2736 4268 2804 4347 1,

430 4391 545 4457 pro
606 4371 1125 4453 οὶξιοπρεπέςατον
1173 4395 1469 4461 reponere
1516 4375 2033 4456 οὶξιοπρεπέςερον.
2108 4373 2235 4442 Sed
2279 4376 2606 4462 imprimis
2651 4376 2812 4442 scire

436 4480 621 4564 cupio
667 4481 820 4566 quid
866 4482 1123 4550 tandem
1170 4485 1306 4551 veri
1350 4481 1549 4550 lateat
1592 4484 1814 4567 Antiq.
1867 4482 1972 4550 15.
2025 4484 2128 4548 ll.
2179 4484 2252 4561 3,
2311 4483 2426 4548 ubi
2469 4500 2620 4550 saxa
2663 4480 2808 4548 sub·
