3436 5161
1294 384 1570 436 rmvms
1613 383 1955 437 sosarnus.
2678 363 2808 436 271

426 572 506 618 an
569 551 774 618 oderit
791 600 810 637 ,
865 571 1138 638 quorum
1199 553 1530 619 hominum
1596 556 1855 641 ingenia
1909 554 2217 640 depinxit.
2288 551 2597 638 Exemplo
2646 551 2815 616 mihi

427 661 548 722 erit
595 679 706 723 rex
749 657 1187 736 Aristobulus,
1244 661 1356 744 qui
1398 680 1561 725 anno
1607 659 1737 726 105
1778 665 1957 745 patre
1995 659 2299 746 Hyrcano
2322 663 2577 726 mortuo
2599 677 2813 722 rerum

427 766 670 848 potitus
731 770 828 829 est
889 765 1221 850 tenuitque
1283 768 1628 850 imperium
1699 787 1813 851 per
1881 788 2083 832 unum
2157 787 2419 832 annum.
2490 762 2817 850 Cognosce

425 891 594 935 nunc
657 869 996 934 mirificam
1059 872 1426 944 historiam.
1489 872 1709 957 Antiq.
1781 871 1887 938 13.
1939 873 2043 938 11.
2116 873 2243 938 Hic
2290 873 2537 957 primus
2582 875 2649 936 in
2693 869 2815 935 Ju-

425 974 582 1041 daea
641 982 786 1059 post
845 976 1201 1042 multorum
1265 977 1666 1044 saeculorum
1731 978 2143 1046 intervallum
2196 979 2557 1045 diademate
2600 982 2815 1042 sumto

425 1083 681 1169 regium
730 1103 961 1147 nomen
1001 1083 1291 1149 adscivit.
1358 1082 1657 1150 Habebat
1693 1089 1966 1168 quatuor
2004 1085 2261 1152 fratres:
2304 1085 2535 1150 horum
2574 1103 2814 1160 unum,

425 1187 796 1275 Antigonus
843 1191 904 1254 ei
949 1209 1180 1254 nomen
1228 1196 1394 1268 erat,
1449 1190 1763 1277 diligebat
1809 1210 2084 1276 eumque
2130 1175 2287 1257 adeo
2336 1191 2462 1256 sibi
2498 1188 2812 1275 colleg-am

423 1294 609 1370 fecit,
681 1301 796 1360 τῶν
859 1295 1073 1372 ὁμοίων
1139 1293 1302 1370 ἠξίου
1325 1343 1341 1374 ,
1405 1295 1681 1381 reliquos
1740 1303 1955 1364 autem
2008 1303 2133 1363 tres
2181 1298 2448 1382 conjecit
2492 1298 2559 1360 in
2605 1314 2811 1360 carce·

425 1421 579 1465 rem.
634 1401 852 1466 Etiam
891 1407 1210 1479 matrem,
1249 1405 1353 1468 cui
1409 1404 1757 1487 imperium
1818 1405 2095 1469 moriens
2156 1401 2499 1490 Hyrcanas
2546 1401 2813 1466 commi-

425 1515 626 1584 serat,
688 1509 975 1572 vinctam
1021 1507 1232 1572 inedia
1280 1513 1342 1572 et
1389 1507 1582 1595 longa
1627 1509 1774 1574 tabe
1822 1511 2111 1594 peremit.
2188 1507 2379 1574 Brevi
2423 1509 2569 1592 post
2612 1505 2809 1570 etiam

423 1612 686 1678 fratrem
747 1611 936 1677 illum
1000 1614 1436 1699 Antigonum,
1501 1634 1692 1697 quem
1756 1614 2049 1692 amabat,
2114 1611 2385 1678 interfici
2422 1612 2648 1697 jussit,
2700 1610 2812 1675 sed

422 1720 615 1803 hujus
671 1721 966 1785 facinoris
1023 1738 1160 1784 sero
1221 1739 1370 1784 eum
1433 1719 1751 1804 poenituit
1819 1721 2169 1805 inciditque
2240 1722 2307 1785 in
2376 1719 2676 1783 morbum
2746 1723 2811 1783 et

424 1824 634 1890 multa
690 1828 986 1890 incusans
1043 1846 1108 1891 se
1155 1826 1368 1910 ipsum
1419 1831 1484 1892 et
1530 1825 1868 1892 clamitans
1912 1830 2049 1912 pati
2096 1847 2161 1892 se
2209 1825 2377 1911 quod
2424 1828 2521 1890 tot
2567 1822 2809 1890 sceleri-
2884 1821 2888 1826 ’

423 1932 542 1996 bus
607 1930 878 2019 dignum
945 1939 1148 2008 esset,
1199 1931 1388 2016 periit
1433 1931 1831 2008 βασιλεύσας
1880 1933 2177 1999 ἐνιαυτόν.
2246 1931 2423 1998 Haec
2472 1937 2809 2016 postquam

421 2037 716 2123 pluribus
759 2036 796 2103 J
801 2039 1072 2122 osephus
1117 2045 1452 2104 exsecutus
1495 2045 1626 2117 est,
1678 2039 1934 2105 videtur
1972 2040 2175 2106 alium
2212 2038 2453 2104 librum
2496 2037 2809 2103 evolvisse

429 2143 706 2228 indeque
749 2147 1164 2229 excerpsisse:
1214 2143 1403 2210 ταῦτ’
1453 2148 1633 2211 εἰπὼν
1683 2147 2131 2222 ἐπαποθνήσκει
2180 2153 2306 2219 τοῖς
2358 2143 2564 2222 λόγοις
2612 2143 2808 2221 βασι-

421 2249 654 2320 λεύσας
701 2250 1011 2334 ἐνιαυτόν,
1059 2251 1507 2332 χρηματισθεὶς
1557 2253 1668 2329 μὲν
1720 2253 2060 2331 Φιλέλλην,
2111 2251 2323 2317 πολλοὶ
2368 2251 2431 2315 δὲ
2476 2251 2805 2328 εὐεργετή-

421 2380 540 2427 σας
603 2358 712 2430 τὴν
775 2357 1084 2436 πατρίδα,
1150 2359 1516 2436 πολεμήσας
1577 2359 1933 2438 Ἰτουραίαν·
1978 2359 2083 2423 καὶ
2150 2357 2389 2430 πολλὴν
2444 2358 2643 2420 αὐτῶν
2691 2362 2801 2429 τῆς

421 2464 630 2542 χώρας
671 2472 748 2544 τῇ
790 2463 1060 2547 Ἰουδαία
1103 2463 1640 2544 προσκτησάμενος
1680 2463 2057 2542 ἀναγκάσας
2098 2489 2169 2529 τε
2207 2463 2347 2534 τοὺς
2390 2463 2802 2537 ἐνοικοῦντας,

420 2571 470 2635 εἰ
531 2569 862 2647 βούλονται
921 2569 1125 2647 μένειν
1188 2572 1248 2636 ἐν
1311 2582 1388 2653 τῇ
1443 2575 1655 2655 χώρα,
1724 2569 2188 2651 περιτέμνεσθαι
2253 2568 2356 2634 καὶ
2420 2567 2615 2635 κατὰ·
2660 2566 2800 2638 τοὺς

419 2676 720 2741 Ἰουδαίων
761 2675 975 2751 νόμους
1017 2677 1143 2759 ζῆν.
1192 2676 1286 2743 De
1321 2680 1422 2743 his
1455 2680 1751 2743 omnibus
1774 2698 1964 2763 supra
1995 2677 2160 2741 nihil
2184 2677 2431 2741 dictum
2454 2675 2659 2740 fuerat
2684 2694 2800 2739 nec

422 2787 638 2847 tamen
685 2802 846 2867 quae
889 2804 1058 2847 nunc
1105 2783 1457 2860 adduntur,
1510 2790 1725 2868 aperte
1768 2789 2062 2871 pugnant
2100 2803 2249 2848 cum
2290 2784 2371 2847 iis
2412 2800 2573 2866 quae
2610 2799 2801 2864 supra

417 2887 702 2975 legimus
741 2888 819 2955 de
861 2887 1222 2954 Aristobuli
1259 2892 1326 2954 in
1370 2892 1620 2973 privata
1641 2893 1781 2955 vita
1801 2889 2085 2977 flagitiis.
2135 2888 2351 2953 Etiam
2376 2886 2713 2952 matricida
2737 2892 2801 2949 et

419 2994 745 3060 fratricida
791 2999 998 3079 potest
1043 3015 1178 3060 esse
1220 2996 1418 3061 bonus
1457 3014 1568 3059 rex
1607 3001 1671 3061 et
1707 2995 2161 3063 circumcidere
2199 2994 2489 3059 homines
2530 2998 2595 3057 et
2629 2992 2800 3056 subi-

417 3119 569 3186 gere
626 3098 950 3165 Ituraeam
970 3147 986 3177 ,
1050 3120 1437 3185 quamquam
1503 3100 1833 3166 fatendum
1898 3104 1994 3165 est
2056 3100 2247 3165 breve
2316 3119 2451 3165 esse
2520 3100 2801 3182 spatium

420 3203 756 3271 duodecim
807 3208 1144 3271 mensium.
1215 3206 1462 3271 Verum
1511 3208 1810 3271 continuo
1857 3207 2142 3290 sequitur
2189 3204 2357 3289 quod
2402 3205 2597 3269 nimis
2641 3204 2801 3268 ridi-

420 3308 641 3375 culum
704 3318 832 3377 est:
901 3312 1089 3391 Φύσει
1154 3312 1206 3378 δ’
1271 3312 1628 3377 ἐπιεικεῖ
1680 3312 1945 3392 κέχρητο
2008 3311 2113 3376 καὶ
2176 3309 2417 3393 σφόδρα
2484 3302 2550 3383 ἦν
2596 3309 2801 3380 αἰδοῦς

420 3414 618 3490 ἥττων
679 3416 871 3502 idque
933 3416 1344 3484 confirmatur
1403 3417 1733 3483 Strabonis
1794 3419 2181 3484 testimonio.
2271 3415 2435 3497 Quid
2499 3419 2567 3481 in
2628 3417 2803 3480 hisce

417 3542 641 3588 verum
691 3525 812 3607 sit,
860 3543 984 3588 non
1032 3524 1299 3608 dispicio
1347 3531 1411 3590 et
1457 3524 1738 3589 conferre
1766 3524 1961 3609 jubeo
2001 3520 2369 3589 Graetzium
2406 3526 2471 3586 in
2514 3521 2803 3587 Historia

416 3626 455 3692 J
462 3627 805 3692 udaeorum
869 3627 983 3694 ΙΙΙ.
1055 3628 1218 3706 104;
1287 3630 1394 3695 sed
1443 3640 1735 3715 apparet,
1787 3632 2041 3715 opinor,
2087 3628 2335 3694 nullam
2380 3630 2584 3693 inesse
2622 3627 2800 3713 judi-

417 3732 602 3799 candi
665 3733 1037 3800 facultatem
1101 3737 1170 3800 in
1233 3756 1340 3813 eo,
1405 3738 1515 3820 qui
1574 3742 1638 3801 et
1700 3735 1855 3801 haec
1918 3742 1983 3800 et
2028 3734 2143 3800 illa
2188 3754 2339 3800 vera
2382 3755 2517 3799 esse
2564 3733 2799 3799 credat.

416 3840 478 3905 N
481 3860 550 3904 ec
614 3840 822 3905 multo
883 3844 1130 3906 saniora
1189 3848 1339 3906 sunt
1357 3889 1372 3919 ,
1439 3861 1599 3926 quae
1660 3842 2001 3907 traduntur
2064 3840 2141 3905 de
2201 3838 2559 3905 Aristobuli
2606 3838 2799 3903 fratre

417 3944 778 4011 Alexandro
840 3946 1156 4023 Jannaeo;
1203 3948 1438 4031 poterit
1483 3947 1602 4012 hoc
1649 3948 2084 4030 unusquisque
2130 3964 2243 4028 pro
2290 3964 2357 4008 se
2401 3946 2539 4028 ipso
2584 3946 2800 4009 existi-

417 4072 616 4117 mare.
692 4051 1022 4137 Nusquam
1089 4058 1304 4119 autem
1369 4057 1620 4139 turpius
1683 4052 2086 4118 mendacium
2150 4056 2278 4126 est,
2331 4070 2523 4134 quam
2572 4048 2797 4135 Antiq.

418 4156 525 4222 19.
595 4157 656 4222 ’7.
723 4159 798 4241 3,
855 4159 968 4223 ubi
1015 4158 1366 4243 praefertur
1409 4161 1696 4245 Agrippa
1744 4180 1857 4224 rex
1902 4178 2021 4224 avo
2069 4176 2185 4222 suo
2228 4155 2471 4222 Herodi
2516 4155 2793 4241 Magno:

414 4262 649 4329 licebat
694 4262 814 4328 hoc
857 4283 1060 4347 neque
1107 4284 1295 4350 aegre
1343 4264 1540 4329 feram
1560 4311 1576 4340 ,
1628 4265 1737 4328 sed
1774 4265 1983 4329 nescio
2023 4282 2149 4347 quo
2186 4264 2443 4328 nomine
2481 4261 2794 4347 appellem

415 4372 526 4454 qui
565 4389 798 4456 negare
833 4370 1025 4435 audet
1062 4369 1383 4435 Herodem
1432 4370 2034 4456 Hierosolymitanis
2068 4366 2382 4453 templum
2413 4368 2799 4433 exstruxisse

415 4482 747 4561 totamque
827 4477 1048 4541 urbem
1137 4476 1793 4563 magnificentissimis
1864 4473 2167 4541 aedificiis
2250 4473 2795 4540 condecoravisse:
