3436 5161
1379 369 1700 423 nemus.
2597 311 2723 416 401

439 543 491 600 Κ
540 531 707 602 3463
777 536 829 601 εἰ
890 533 940 599 δ’
995 532 1221 615 ἄμμε
1282 535 1680 619 παραφθήῃσι
1744 535 1991 601 πόδεσσι
2051 556 2281 621 nempe
2354 535 2588 622 Ubyoeem
2653 543 2709 601 et

873 641 1232 708 Diomedem.

441 750 484 817 Ξ
535 746 655 813 623
777 747 1088 828 πτόλεμον
1133 750 1188 816 δ’
1235 751 1342 816 οὐκ
1389 747 1616 829 ἄμμε
1661 749 1891 816 κελεύω
1932 753 1945 836 Ι
1984 749 2239 827 δύμεναι
2292 770 2523 835 nempe
2568 750 2721 814 Nes-

864 863 1045 920 torem
1095 864 1150 921 et
1197 860 1698 939 Aqamemnonem.

438 971 489 1026 X
538 958 710 1026 2193
782 959 851 1026 οὔ
885 985 962 1027 τοι
1002 967 1104 1026 νῦν
1147 961 1235 1028 ἔτι
1275 969 1342 1041 γ’
1367 961 1496 1028 ἔστι
1522 961 1927 1044 πεφυγμένον
1951 960 2164 1039 ἄμμε
2190 960 2474 1040 γενέσθαι
2497 983 2726 1047 nempe

871 1070 1163 1134 Achillem
1209 1078 1266 1135 et
1314 1071 1654 1136 Minervam
1668 1098 1697 1147 ;
1745 1069 2063 1155 praeeedit
2108 1070 2431 1152 δῃώσαντε.

437 1182 507 1238 Ω
558 1172 724 1240 3553
774 1173 959 1256 τάχα
1005 1175 1058 1239 δ’
1105 1175 1148 1240 ἄ
1164 1200 1214 1253 μ
1230 1201 1328 1255 με
1374 1176 1823 1258 διαρραίσεσθαι
1872 1175 1970 1240 ὀΐω
2018 1166 2247 1261 nempe
2294 1175 2543 1240 Idaeum
2576 1175 2723 1240 Pri-

872 1304 1190 1368 annumque.

435 1397 494 1453 Ψ
545 1387 714 1452 4113
779 1391 843 1453 οὐ
892 1396 1087 1470 σφῶιν
1136 1389 1352 1465 κομιδὴ
1401 1389 1572 1470 παρὰ
1620 1388 1877 1468 Νέστορι
1924 1389 2163 1467 ποιμένι
2208 1395 2375 1454 λαῶν

781 1493 1066 1587 ἔσσεται,
1115 1498 1344 1560 αὐτίκα
1392 1498 1444 1563 δ’
1499 1497 1714 1573 ὔμμε
1763 1503 2143 1562 κατακτενεῖ
2180 1493 2311 1571 ὀξέϊ
2350 1497 2577 1576 χαλκῷ

341 1604 432 1667 sio
479 1602 646 1666 binos
690 1624 826 1666 suos
871 1625 1042 1687 equos
1088 1605 1371 1689 increpat
1419 1603 1833 1680 Antilochus3
1880 1603 2174 1668 videmus
2220 1604 2290 1666 in
2330 1601 2727 1687 praecedenti

335 1728 585 1794 quoque
633 1729 820 1774 versu
867 1708 1122 1774 dualem
1168 1712 1462 1794 usurpari
1479 1757 1496 1787 ,
1543 1710 1833 1794 sequitur
1878 1716 2097 1774 autem
2131 1731 2350 1773 -σαντε
2386 1715 2451 1772 et
2489 1731 2676 1773 -ετον,

429 1827 490 1880 Λ
544 1814 710 1881 1103
774 1815 1189 1896 σπερχόμενος
1240 1816 1292 1880 δ’
1341 1815 1467 1880 ἀπὸ
1514 1824 1661 1881 τοῖιν
1712 1816 1943 1882 ἐσύλαε
1988 1816 2229 1895 τεύχεα
2277 1815 2481 1894 καλά,

776 1924 1162 2000 γιγνώσκων,
1216 1922 1318 1987 καὶ
1367 1920 1492 2004 γοὶρ
1540 1929 1698 2004 σφε
1747 1921 1937 2003 πάρος
1988 1923 2163 2002 παρὰ
2209 1921 2378 1996 νηυσὶ
2430 1924 2592 2004 θοῇσι

777 2027 960 2108 ἔπιδ’,
1010 2027 1102 2095 ὅτ’
1153 2037 1270 2096 ete.
1385 2082 1390 2086 .

341 2135 446 2202 hie
506 2140 631 2216 σφε
695 2135 772 2201 de
820 2135 1123 2202 fratribus
1171 2136 1272 2201 Iso
1318 2141 1382 2202 et
1433 2137 1690 2220 Antipho
1740 2137 2111 2215 adhibetur,
2174 2141 2240 2202 et
2286 2136 2392 2201 hio
2439 2156 2723 2222 quoque,

339 2245 416 2305 ut
459 2242 527 2305 in
573 2241 712 2306 loeo
755 2244 993 2326 priore,
1044 2242 1301 2310 dualem
1348 2244 1676 2327 praemitti
1722 2241 1925 2328 (τοῖιν)
1972 2242 2285 2307 videmus.

429 2347 572 2412 Uno
617 2347 748 2414 solo
793 2347 933 2414 loeo
981 2356 1108 2429 σφε
1156 2349 1233 2414 de
1281 2347 1573 2433 pluribus
1621 2349 1893 2412 dieitur:

430 2463 490 2517 T
539 2452 708 2518 265:
767 2455 977 2518 πολλοὶ
1018 2454 1200 2531 μαλ’,
1241 2449 1399 2517 ὄσσα
1441 2452 1694 2517 διδοῦσιν
1734 2451 1772 2518 δ’
1799 2477 1891 2526 τις
1932 2455 2059 2530 σφ’
2094 2453 2392 2529 ἀλίτηται
2416 2454 2721 2535 ὀμόσσας,

342 2562 468 2625 nisi
508 2560 602 2625 ibi
649 2561 732 2624 sit
779 2559 1034 2625 dativus
1079 2571 1229 2640 σφι,
1281 2559 1448 2645 quod
1495 2559 1625 2626 fere
1670 2567 1863 2646 put03
1906 2562 2186 2647 itemque
2209 2561 2408 2628 semel
2430 2564 2497 2627 in
2520 2562 2724 2630 Iliade

339 2666 522 2746 ἄμμε
571 2668 884 2751 reperitur
931 2668 1008 2731 de
1053 2666 1344 2753 pluribus
1392 2666 1668 2744 dictum,
1720 2688 1908 2733 versu
1954 2670 2323 2734 notissimo:

430 2786 486 2839 A
535 2772 654 2838 59:
767 2773 1079 2854 Ἀτρεΐδη,
1134 2778 1234 2837 νῦν
1283 2771 1466 2849 ἄμμε
1512 2772 1705 2838 πάλιν
1754 2773 2210 2853 πλαγχθέντας
2258 2774 2355 2839 ὀΐω
2406 2783 2548 2854 ete„

335 2884 464 2945 nisi
512 2882 654 2966 quis
701 2880 780 2945 ad
819 2880 984 2946 solos
1021 2884 1571 2969 Agamemnonem
1618 2879 2061 2967 Achillemque
2086 2881 2314 2946 referre
2339 2880 2522 2959 velit,
2555 2883 2722 2968 quod

338 2990 608 3051 minime
654 2990 985 3052 suaserim.
1033 2988 1126 3051 De
1175 3008 1362 3052 versu
1409 2987 1677 3073 denique
1721 2998 1771 3052 Σ
1798 2985 1966 3065 268,
2009 2993 2227 3073 utpote
2253 2990 2505 3074 spur-ie,
2544 2987 2721 3075 loqui

339 3092 569 3157 inutile
614 3100 742 3169 est,
793 3096 916 3158 nisi
963 3094 1129 3179 quod
1175 3096 1244 3158 in
1290 3097 1660 3178 pronomine
1707 3090 1890 3171 ἄμμε
1937 3092 2107 3159 male
2150 3094 2437 3159 adhibito
2480 3116 2715 3163 novum

339 3198 577 3263 fraudis
621 3198 934 3263 indicium
981 3206 1188 3329 potest
1234 3202 1540 3265 inveniri:

767 3330 816 3369 ει
865 3304 921 3369 δ’
975 3304 1200 3382 ἄμμε
1249 3307 1588 3387 κιχήσεται
1637 3305 1833 3371 ἐνθάδ’
1878 3305 2137 3381 ἐόντας,
2174 3328 2403 3431 nempe
2434 3306 2721 3373 Achilles

868 3410 1189 3477 Troianos.

430 3518 850 3585 Transeamus
897 3517 975 3583 ad
1024 3516 1394 3605 Odysseam.
1445 3516 1520 3582 In
1568 3539 1691 3604 qua
1739 3528 1893 3599 σφε
1932 3520 2033 3585 bis
2070 3520 2424 3603 invenitur,
2450 3525 2719 3605 utroque

338 3632 556 3691 autem
601 3625 740 3691 loeo
787 3628 1038 3690 numeri
1089 3625 1296 3691 dualis
1343 3626 1588 3690 obtinet
1633 3628 1958 3692 notionem
2006 3627 2445 3693 manifestam:

429 3734 458 3796 θ
507 3730 676 3797 2713
771 3731 806 3795 δ’
847 3731 963 3811 σφ’
1013 3730 1213 3805 ἐνόησε
1262 3730 1714 3811 μιγαζομένους
1744 3733 1879 3819 (-νω
1896 3730 1953 3814 ‘0
1978 3716 2269 3814 φιλότητι
2294 3754 2523 3819 nempe
2548 3735 2722 3798 Mar·

859 3845 972 3901 tem
1019 3846 1075 3903 et
1131 3838 1407 3903 Venerem
1430 3886 1446 3915 ,

429 3954 484 4024 Φ
531 3941 692 4009 2063
767 3941 1016 4019 ἐξαῦτίς
1082 3954 1208 4025 σφε
1269 3946 1544 4009 νέπεσσιν
1609 3945 2022 4023 ἀμειβόμενος
2088 3945 2432 4026 προσέτειπε
2494 3967 2723 4034 nempe

858 4050 1188 4114 Eumaeum
1225 4060 1282 4116 et
1325 4051 1707 4115 Philoetium.
1779 4051 1890 4117 Bis
1934 4055 2221 4137 sequitur
2268 4059 2482 4134 σφῶιν.

431 4155 667 4221 Contra
731 4155 914 4232 ἄμμε
961 4161 1025 4221 et
1070 4157 1242 4233 ὔμμε
1290 4160 1357 4221 in
1407 4156 1688 4244 Odyssea
1735 4158 2070 4243 aliquoties
2116 4159 2193 4225 de
2240 4159 2533 4246 pluribus
2578 4183 2717 4248 per-

339 4266 508 4329 sonis
555 4263 840 4327 adhibita
885 4254 1317 4349 reperiuntur:
1357 4265 1535 4328 1404
1582 4264 1764 4341 ἄμμε
1814 4264 2048 4329 dicitur
2092 4266 2169 4331 de
2210 4270 2453 4333 cunctis
2492 4250 2737 4355 Cyclo-³

339 4372 556 4456 pibus,
615 4394 650 4431 κ
677 4367 806 4433 209
856 4380 919 4433 et
967 4394 1018 4447 μ
1043 4368 1169 4434 221
1223 4370 1300 4434 de
1349 4369 1580 4457 Ulyxis
1605 4370 1961 4456 militibus,
2000 4396 2053 4452 χ
2081 4371 2166 4439 ’73
2192 4373 2269 4438 de
2296 4377 2499 4459 procis
2522 4374 2718 4440 Pene-

335 4477 510 4561 lopes
527 4524 542 4552 ‚
594 4500 623 4538 ν
650 4474 778 4541 357
828 4476 1000 4551 ὔμμε
1042 4476 1120 4541 de
1143 4476 1468 4562 Nymphis
1502 4484 1847 4563 usurpatur
1865 4526 1882 4559 ,
1909 4478 2177 4563 denique
2200 4504 2239 4542 σ
2264 4480 2395 4545 407
2422 4488 2485 4545 et
2510 4508 2553 4545 ω
2582 4480 2711 4548 109
