3436 5161
1279 393 1554 445 muns
1597 393 1937 446 sosarnus.
2667 372 2801 440 265

415 558 529 636 μὲν
589 559 710 643 βίᾳ
770 565 886 623 τῶν
951 559 1040 624 ἔτι
1105 559 1608 642 Ῥωμαιῖζόντων,
1672 563 1815 634 τοὺς
1879 562 1943 625 δὲ
2004 560 2202 625 πειθοῖ
2259 561 2630 640 προσήγοντο
2695 559 2798 623 καὶ

415 663 930 744 συναθροισθέντες
998 666 1082 735 εἷς
1149 667 1218 732 τὸ
1283 668 1469 752 ἱερόν,
1534 667 1883 746 ςρωτηγοὺς
1950 665 2285 740 ἀπέδειξαν
2345 671 2451 730 τοῦ
2524 667 2799 742 πολέμου

415 771 743 849 πλείονας,
807 773 884 836 de
947 793 1218 857 quorum
1281 794 1546 839 numero
1603 772 1955 858 Josephum
2018 774 2213 837 fuisse
2272 771 2579 838 vidimus.
2652 771 2797 837 Jam

415 879 758 962 apparebat
811 880 1026 944 omnia
1090 878 1332 944 bellum
1397 885 1714 964 spectare,
1780 901 1893 944 nec
1950 900 2171 943 verum
2222 893 2319 942 est
2365 878 2531 962 quod
2579 878 2801 942 scribit

416 987 612 1050 etiam
663 991 807 1048 tum
866 987 1148 1069 quietam
1198 982 1554 1050 Galilaeam
1607 986 1831 1062 fuisse;
1895 988 2049 1070 quin
2099 991 2163 1050 et
2208 984 2476 1050 fuissent
2522 985 2799 1068 impera-

415 1095 622 1154 torem
669 1110 859 1154 suum
903 1089 1334 1174 interfecturi,
1381 1093 1504 1155 nisi
1547 1091 2112 1156 demonstravisset
2150 1111 2217 1155 se
2253 1092 2530 1175 patriam
2568 1088 2803 1154 Roma·

415 1197 514 1260 nis
559 1195 820 1281 prodere
866 1195 1076 1274 nolle,
1127 1195 1256 1262 Vit.
1307 1199 1343 1281 ξ
1388 1195 1496 1261 30.
1542 1197 1791 1282 Nempe
1830 1196 2058 1262 callide
2096 1195 2461 1261 dissimulat
2498 1198 2800 1280 scriptor,

417 1304 632 1387 ipsum
681 1322 748 1366 se
799 1305 1106 1368 invasisse
1153 1305 1475 1390 Agrippae
1527 1303 1841 1369 dicionem
1862 1350 1881 1380 ,
1932 1306 2005 1368 ut
2040 1300 2366 1368 Galilaeae
2406 1302 2591 1366 urbes
2631 1300 2801 1365 solli-

419 1409 645 1472 citaret
691 1414 758 1472 et
803 1412 856 1472 si
907 1429 1139 1494 paucos
1187 1411 1542 1494 exceperis,
1590 1429 1746 1494 quos
1784 1409 2243 1474 immoderatus
2280 1406 2597 1472 libertatis
2624 1428 2802 1472 amor

416 1513 791 1600 instigaret,
855 1517 1092 1580 dixeris
1156 1513 1477 1581 Galilaeos
1498 1563 1514 1591 ,
1586 1521 1898 1601 quantum
1968 1507 2079 1601 per
2146 1514 2404 1598 Josephi
2474 1513 2804 1578 mendacia

418 1625 739 1704 appareat,
794 1641 920 1685 non
965 1626 1293 1686 contentos
1343 1623 1600 1706 quidem
1647 1623 1843 1686 fuisse
1882 1624 2061 1708 regio
2098 1623 2403 1705 imperi0,
2445 1619 2553 1684 sed
2595 1623 2805 1706 magis

418 1727 613 1789 etiam
679 1725 1078 1792 abhorruisse
1129 1728 1207 1792 ab
1255 1726 1989 1814 Hierosolymitanorum
2038 1729 2396 1790 temeritate
2442 1747 2513 1790 ac
2561 1727 2802 1804 furore,

417 1830 573 1896 adeo
620 1837 694 1895 ut
741 1853 1097 1917 numquam
1145 1853 1322 1898 arma
1367 1835 1647 1897 sumturi
1692 1833 1992 1910 fuissent,
2056 1835 2109 1896 si
2156 1831 2427 1897 Romani
2473 1831 2803 1916 oppidanis

417 1957 562 2001 eam
628 1936 992 2002 libertatem
1043 1941 1320 2004 tribuere
1367 1939 1755 2016 voluissent,
1807 1959 1998 2022 quam
2046 1937 2383 2002 foederatis
2431 1938 2802 2002 civitatibus

417 2043 752 2108 concedere
815 2044 1105 2110 solerent.
1152 2045 1478 2130 'Ceterum
1541 2066 1799 2111 omnem
1855 2043 2044 2109 fidem
2092 2051 2380 2128 superat,
2432 2064 2621 2128 quam
2674 2047 2803 2108 sint

417 2146 688 2212 ridicula
751 2169 912 2231 quae
971 2149 1282 2236 Josepbus
1347 2157 1561 2216 narrat
1620 2150 1698 2216 de
1761 2153 2003 2215 ratione
2050 2169 2175 2235 qua
2221 2148 2463 2214 bellum
2512 2153 2801 2236 gesserit.

417 2252 622 2318 Multi
670 2254 898 2341 legunt
945 2262 1008 2321 et
1056 2259 1425 2334 connivent,
1469 2259 1618 2343 quia
1659 2257 1959 2342 pleraque
1996 2262 2127 2321 tam
2174 2256 2468 2341 perplexe
2507 2263 2801 2322 contexta

418 2365 601 2436 sunt,
667 2381 886 2426 sensus
946 2363 1059 2426 vix
1119 2367 1195 2426 ut
1240 2368 1558 2448 appareat.
1630 2361 1841 2428 Unam
1888 2360 2431 2427 narratiunculam
2482 2361 2801 2439 γεύματος

417 2463 605 2544 χάριν
666 2466 1059 2545 adscribam,
1121 2488 1280 2552 quae
1341 2469 1523 2533 nobis
1583 2489 1708 2532 non
1780 2467 1977 2532 semel
2046 2468 2418 2550 propinatur
2486 2467 2594 2532 sed
2666 2468 2797 2550 bis,

420 2569 582 2636 Bell.
643 2569 793 2637 Jud.
859 2572 920 2637 2.
984 2571 1091 2638 21.
1163 2572 1246 2640 10
1307 2579 1372 2639 et
1440 2573 1564 2639 vit.
1608 2574 1644 2658 ξ
1694 2571 1801 2638 34.
1872 2573 2105 2638 Fuerat
2153 2571 2489 2638 seditiosus
2537 2573 2798 2657 quidam

419 2678 613 2743 homo
673 2676 886 2745 Clitus
945 2683 1238 2764 nomine,
1299 2700 1489 2766 quem
1544 2701 1743 2764 quum
1794 2678 2141 2745 interficere
2188 2678 2415 2755 nollet,
2469 2680 2802 2764 procedere

419 2783 700 2849 militem
754 2786 938 2870 jubet
1001 2793 1066 2851 et
1125 2788 1356 2851 misero
1416 2787 1666 2850 homini
1723 2792 2062 2869 utramque
2114 2806 2375 2849 manum
2426 2785 2801 2869 praecidere.

420 2888 645 2954 Stabat
707 2894 964 2957 interim
1021 2896 1088 2957 in
1149 2891 1445 2959 navicula
1508 2890 1854 2975 Josephus,
1910 2912 2069 2976 quae
2117 2890 2195 2956 ad
2243 2889 2427 2954 littus
2474 2890 2805 2975 appulerat

422 3002 486 3060 et
531 2998 600 3061 in
646 3005 983 3083 conspectu
1030 2998 1246 3064 aderat
1287 2995 1532 3074 Clitus,
1583 3018 1774 3082 quem
1815 3001 2043 3083 ingens
2079 2998 2413 3061 hominum
2454 2996 2805 3062 multitudo

421 3103 876 3169 circumdabat.
974 3102 1168 3170 Miles
1230 3125 1265 3168 e
1325 3104 1622 3169 navicula
1683 3124 1807 3168 non
1875 3102 2067 3167 audet
2123 3104 2191 3166 in
2263 3106 2496 3167 terram
2566 3103 2802 3189 egredi.

421 3204 888 3274 Tumultuatur
931 3209 1243 3295 Josephus
1291 3220 1356 3276 et
1401 3208 1669 3274 simulat
1715 3230 1784 3274 se
1830 3211 2041 3293 ipsum
2088 3213 2230 3272 tuta
2271 3210 2540 3273 statione
2585 3208 2809 3275 relicta

422 3312 749 3379 hominem
808 3316 1192 3401 prehendere
1254 3313 1438 3382 velle.
1526 3315 1691 3380 Tum
1755 3313 1869 3379 ille
1932 3315 2198 3379 ἱκέτευεν
2260 3313 2384 3378 ἀπὸ
2420 3322 2561 3389 ,τῆς
2608 3316 2805 3387 aim-»⁶14

423 3417 534 3491 τὴν
597 3420 807 3500 ἑτέραν
866 3428 983 3486 τῶν
1038 3427 1258 3504 χειρῶν
1305 3428 1702 3486 καταλιπεῖν.
1779 3417 2085 3486 Concedit
2132 3440 2265 3484 rem
2316 3422 2557 3485 summi
2604 3422 2808 3506 impe-

422 3526 652 3589 ratoris
699 3525 1068 3602 clementia,
1121 3528 1310 3593 modo
1356 3526 1568 3592 Clitus
1613 3529 1748 3611 ipse
1792 3526 1916 3590 sibi
1965 3517 2081 3591 sua
2129 3546 2321 3590 manu
2367 3546 2633 3589 manum
2676 3546 2809 3591 am-

424 3636 625 3714 putet.
701 3630 866 3697 Tum
916 3632 1030 3699 ille
1075 3634 1256 3718 quasi
1303 3632 1381 3697 ad
1431 3634 1660 3697 incitas
1707 3631 2000 3697 redactus
2048 3651 2251 3715 neque
2298 3630 2641 3715 implorata
2684 3634 2807 3695 cir-

425 3741 884 3803 cumstantium
949 3737 1070 3805 fide
1130 3736 1533 3815 σπασάμενος
1596 3748 1672 3819 τῇ
1737 3737 1908 3819 δεξιᾷ
1974 3737 2043 3801 τὸ
2103 3735 2283 3817 ξίφος
2345 3736 2629 3811 ἀπέκοψε
2698 3740 2808 3812 τὴν

427 3845 635 3910 λαιάν.
709 3844 946 3924 Quodsi
1010 3845 1170 3910 forte
1233 3844 1469 3919 credis,
1533 3864 1665 3907 rem
1735 3842 2111 3907 documento
2174 3862 2317 3917 esse,
2369 3862 2560 3927 quam
2618 3841 2813 3908 fuerit

426 3947 701 4034 Josepho
749 3951 1101 4016 multitudo
1149 3952 1454 4027 obnoxia,
1500 3969 1769 4034 provoco
1806 3949 1883 4013 ad
1924 3950 2137 4034 ipsum
2178 3946 2658 4033 imperatorem,
2700 3950 2813 4033 qui

427 4074 612 4140 saepe
675 4053 1108 4123 Galilaeorum
1175 4056 1496 4121 tumultus
1560 4058 1652 4120 ita
1699 4055 1992 4141 depingit
2038 4060 2113 4118 ut
2160 4062 2459 4138 appareat
2508 4053 2812 4119 multitu-

429 4160 564 4225 dini
623 4163 836 4250 magis
896 4163 1241 4228 obnoxium
1307 4164 1502 4226 fuisse
1545 4159 1896 4247 Josephum
1946 4180 2139 4244 quam
2186 4158 2460 4245 Josepho
2505 4159 2813 4225 multitu-

429 4267 663 4333 dinem.
735 4268 999 4334 Interim
1063 4271 1198 4353 ipse
1249 4270 1388 4354 J‘am
1449 4267 1688 4332 sciebat
1748 4255 1869 4331 sibi
1934 4265 2102 4349 apud
2172 4264 2493 4330 Romanos
2555 4268 2811 4331 veniam

427 4381 716 4459 paratam
781 4376 951 4453 fore,
1015 4376 1092 4441 cf.
1146 4374 1310 4440 Bell.
1356 4373 1504 4440 Jud.
1555 4374 1615 4437 3.
1671 4372 1734 4439 7.
1783 4372 1861 4437 2τ
1910 4371 2099 4440 αὐτὸς
2148 4371 2211 4436 δὲ
2261 4373 2483 4448 καίπερ
2531 4394 2811 4449 συγγνω-

428 4482 754 4557 σθήσεσθαι
796 4482 970 4561 παρὰ
1009 4482 1329 4557 Ῥωμαίοις
1375 4479 1738 4561 προσ-δοκῶν,
1790 4475 1953 4555 ὅμως
2000 4476 2285 4543 τεθνάναι
2326 4480 2571 4554 μᾶλλον
2610 4473 2808 4544 εἵλετο
