3436 5161
1427 354 1825 410 aeconomus.
2730 347 2813 416 31

520 522 701 605 Quod
764 527 995 590 attinet
1046 525 1124 591 ad
1174 524 1664 611 explicationem
1716 531 1825 591 τοῦ
1874 528 2277 614 σαγηνεύειν,
2326 551 2485 617 quae
2532 534 2821 618 sequitur

428 631 595 715 apud
659 631 744 695 Η.
769 678 784 707 ,
850 630 1005 696 fides
1072 633 1376 699 historico
1444 633 1665 697 habe-ri
1733 636 1957 718 nequit
2026 635 2326 700 scribenti
2392 638 2539 715 ἀνὴρ
2608 639 2815 718 ἀνδρὸς

427 735 853 810 ἁψάμενος
916 744 1054 810 τῆς
1116 738 1393 816 χειρός
1450 739 1518 800 ἐκ
1580 737 1898 828 θαλάσσης
1964 748 2072 813 τῆς
2123 741 2370 820 βορηίης
2418 742 2520 807 ἐπὶ
2570 745 2680 817 τὴν
2730 769 2813 810 νο·

425 845 558 916 τίην
603 845 902 920 διήκουσι,
951 846 1305 927 quasivero
1346 842 1511 908 nulli
1550 852 1835 922 montes,
1877 849 2219 924 torrentes,
2263 847 2498 934 fossae,
2540 850 2817 928 arbores,

425 943 710 1013 aedificia
737 994 740 997 -
772 948 1154 1014 obstiterint.
1243 946 1407 1016 Cum
1466 970 1663 1037 grano
1711 949 1893 1026 salis,
1948 951 2111 1036 quod
2163 955 2376 1037 aiunt,
2425 954 2595 1020 hunc
2642 977 2815 1024 ever-

433 1054 610 1120 rendi
657 1075 900 1122 morem
953 1055 1390 1140 accipiendum
1439 1057 1637 1121 fuisse
1684 1057 1796 1123 vix
1842 1062 1940 1122 est
1986 1058 2153 1142 quod
2198 1079 2511 1125 moneam.

528 1266 632 1331 vl.
695 1267 781 1332 32
843 1267 1085 1353 duplici
1146 1270 1308 1334 vitio
1342 1268 1634 1334 laborant
1671 1250 1869 1336 1⁰rerba
1906 1271 2169 1335 ἐνθαῦτα
2214 1273 2487 1351 Περσέων
2530 1275 2581 1339 οἱ
2623 1298 2813 1354 στρα-

423 1375 602 1450 τηγοὶ
668 1375 774 1438 οὐκ
837 1375 1182 1452 ἐψεύσαντο
1247 1377 1363 1447 τοὶς
1429 1373 1702 1447 ἀπειλὰς
1766 1376 1883 1446 τὰς
1951 1376 2377 1452 ἐπηπείλησαν
2428 1388 2583 1444 τοῖσι
2640 1383 2812 1446 Ἴωσι

425 1479 1311 1557 στρατοπεδευομένοις
1370 1481 1711 1546 ἐναντία
1756 1483 1961 1560 σφίσι.
2024 1480 2487 1570 corrigendum
2537 1487 2811 1565 ἐστρα-

424 1586 1034 1661 τοπεδευμένοις
1101 1588 1354 1650 ἀντία
1420 1588 1624 1668 σφίσι.
1720 1587 1885 1652 Nam
1958 1609 2131 1652 sem
2203 1591 2384 1653 locali
2452 1599 2510 1655 et
2563 1598 2815 1676 proprio

423 1699 632 1756 noster
692 1701 1050 1757 constanter
1113 1692 1388 1758 abstinet
1431 1713 1468 1758 a
1515 1694 1720 1758 forma
1768 1696 2119 1778 composita
2165 1694 2451 1768 ἐναντίος.
2524 1695 2815 1766 Calidius

435 1796 645 1864 Comm.
722 1796 875 1863 Cret.
940 1820 1086 1886 pag.
1150 1797 1236 1863 46
1300 1799 1419 1863 hoc
1481 1801 1905 1883 compositum
1956 1820 2210 1882 prorsus
2256 1801 2579 1870 Herodoto
2627 1804 2812 1868 abiu-

424 1903 668 1990 dicavi,
732 1926 882 1970 nam
949 1925 1136 1970 sensu
1201 1903 1507 1970 translato
1568 1911 1781 1969 noster
1844 1924 1918 1969 eo
1988 1926 2241 1990 prorsus
2310 1910 2402 1972 sic
2470 1909 2678 1973 utitur
2738 1915 2813 1974 ut

422 2008 668 2094 Attici,
719 2013 931 2076 dicens
979 2013 1229 2089 γνώμην
1277 2011 1590 2085 ἐναντίην,
1637 2031 1761 2076 non
1811 2010 2057 2095 ἀντίην,
2105 2012 2490 2099 similiaque.

515 2221 652 2288 VH.
707 2221 792 2286 33
842 2222 1206 2301 Χερσόνησος
1259 2259 1342 2270 ——-
1394 2223 1766 2300 Σηλυμβρίη
1830 2258 1901 2269 -
1945 2220 2361 2301 Προκόννησος.
2414 2223 2624 2289 Nihili
2662 2233 2812 2292 sunt

424 2331 638 2395 variae
696 2326 1000 2394 lectiones
1064 2327 1381 2407 Σηλυβρίη
1445 2334 1510 2392 et
1567 2327 1935 2405 Προκόνησος
2006 2327 2110 2392 vel
2170 2329 2610 2407 Προικόννησος.
2716 2331 2813 2398 De

427 2432 794 2522 Selymbria
843 2433 987 2499 vide
1035 2434 1324 2517 Lapidum
1365 2434 1444 2496 «de
1489 2434 1636 2496 dial.
1686 2439 1815 2496 Act.
1869 2441 2000 2497 teat.
2048 2454 2108 2518 p.
2164 2435 2251 2498 34
2290 2455 2383 2519 sq.
2436 2434 2617 2514 Quod
2658 2437 2810 2502 atti-

423 2549 532 2606 net
591 2539 670 2606 ad
731 2539 1170 2617 Προκόννησος,
1232 2543 1478 2608 constat
1534 2543 1751 2604 omnia
1811 2542 2067 2605 nomina
2137 2543 2389 2626 propria
2462 2546 2811 2629 composita

425 2668 571 2712 cum
633 2655 799 2722 νῆσος
866 2667 1115 2732 semper
1174 2644 1484 2731 liquidam
1549 2645 1937 2731 duplicasse,
1996 2665 2131 2727 uno·
2185 2655 2446 2731 excepto
2508 2668 2581 2712 eo
2639 2649 2809 2733 quod

425 2757 520 2817 est
569 2754 929 2833 Χερσόνησος
955 2803 974 2839 ,
1018 2753 1182 2838 quod
1232 2753 1450 2817 eadem
1501 2752 1851 2817 constantia
1895 2772 2021 2816 una
2057 2750 2303 2835 liquida
2341 2756 2584 2818 exarari
2625 2753 2806 2820 solet.

424 2854 519 2925 Of.
579 2859 730 2943 Lap.
797 2866 926 2923 cest.
989 2880 1052 2945 p.
1117 2856 1226 2923 33.
1294 2855 1400 2924 39.
1483 2856 1691 2923 Multo
1756 2857 2085 2922 absurdior
2139 2878 2309 2923 error
2355 2864 2451 2923 est
2498 2863 2809 2945 scriptura

421 2964 880 3050 Προικόννησος,
921 2985 1081 3049 quae
1120 2970 1265 3030 ante
1308 2961 1533 3031 Cobeti
1572 2962 2051 3029 Hellenicorum
2097 2963 2437 3030 editionem
2462 2968 2806 3035 secundam

421 3070 860 3155 Xenophontis
903 3072 1098 3136 libros
1153 3070 1464 3136 foedabat.
1492 3107 1576 3118 —
1604 3068 1674 3133 In
1727 3072 1960 3134 vicinia
2008 3067 2180 3134 solus
2223 3070 2417 3134 codex
2456 3069 2808 3138 Vaticanus

422 3179 704 3241 servavit
759 3197 976 3244 veram
1041 3176 1374 3242 lectionem
1439 3174 1845 3257 Καλχηδόνιοι
1912 3196 2025 3261 pro
2082 3175 2509 3253 Χαλκηδόνιοι,
2558 3178 2635 3242 de
2682 3199 2808 3264 quo

426 3285 589 3348 vitio
635 3285 1050 3366 quantumvis
1096 3286 1358 3367 antiquo
1403 3281 1694 3367 pluribus
1732 3283 1839 3369 egi
1874 3284 1938 3345 in
1978 3283 2200 3371 eodem·
2240 3280 2459 3348 libello
2499 3304 2647 3371 pag.
2699 3283 2807 3351 18.

520 3494 622 3561 VI.
698 3493 786 3560 34
844 3501 999 3562 extr.
1066 3496 1254 3569 ἰόντες
1318 3496 1383 3561 δὲ
1444 3496 1494 3560 οἱ
1547 3495 1851 3573 Δόλογκοι
1898 3495 2007 3568 την
2054 3496 2178 3575 ἱρὴν
2227 3494 2355 3561 ὁδὸν
2406 3495 2506 3560 διὰ
2556 3496 2805 3561 Φωκέων

423 3624 495 3666 τε
574 3602 678 3665 καὶ
744 3608 1008 3669 Βοιωτῶν
1077 3602 1294 3677 ἤισαν·
1357 3604 1465 3667 καί
1524 3607 1730 3675 σφεας
1795 3604 1869 3671 ὥς
1938 3600 2125 3671 οὐδεὶς
2190 3601 2449 3678 ἐκάλεε,
2524 3602 2808 3681 ἐκτρά-

434 3732 730 3772 πονται
779 3710 876 3772 ἐπ’
928 3709 1240 3783 Ἀθηνέων.
1311 3708 1379 3775 Si
1428 3707 1831 3785 ἐκτρέπονται
1882 3729 2105 3773 sanum
2145 3716 2345 3792 esset,
2388 3708 2545 3771 viam
2582 3731 2810 3773 sacram

423 3812 824 3900 reliquissent
887 3814 1310 3881 Doloncorum
1373 3814 1594 3902 legati.
1682 3816 1771 3879 At
1840 3820 2099 3898 apparet
2167 3834 2270 3879 eos
2342 3834 2413 3877 ea
2470 3815 2608 3897 ipsa
2665 3816 2806 3900 via,

422 3939 582 4004 quae
651 3920 920 3986 Athenis
987 3922 1259 3986 ducebat
1330 3920 1591 3985 Eleusin
1661 3928 1726 3985 et
1795 3920 1940 3984 inde
2012 3917 2328 4003 Delphos,
2392 3920 2513 3983 iter
2581 3919 2807 3985 fecisse

423 4026 728 4104 Athenas;
797 4048 944 4093 nam
1009 4027 1372 4092 Miltiadem
1441 4026 1521 4091 ad
1583 4024 1763 4091 illam
1818 4028 1987 4089 viam
2036 4027 2103 4089 in
2154 4023 2567 4089 Laciadarum
2618 4026 2804 4090 demo

419 4130 740 4199 habitasse
811 4136 1110 4198 novimus
1181 4154 1214 4197 e
1285 4131 1616 4197 Plutarchi
1679 4133 1815 4195 vita
1877 4128 2199 4210 Cimonis,
2264 4149 2397 4219 cap.
2462 4130 2523 4192 4.
2598 4129 2805 4209 Quare

421 4236 642 4323 procul
704 4239 897 4303 dubio
961 4241 1207 4304 abiecta
1267 4239 1760 4323 praepositione,
1825 4257 2013 4320 quam
2082 4236 2517 4323 dittographia
2584 4246 2803 4301 natam

421 4362 558 4409 esse
604 4348 887 4431 suspicor
934 4366 968 4411 e
1013 4365 1379 4432 praegresso
1431 4346 1618 4410 verbo
1669 4344 1958 4426 (ἐκάλεε,
2000 4341 2445 4429 corrigendum
2487 4349 2583 4407 est
2621 4343 2802 4433 τρα-

421 4473 718 4521 πονται
770 4450 872 4515 ἐπ’
923 4452 1231 4527 Ἀθηνέων.
