3436 5161
659 352 787 419 168
1646 370 2040 419 naono-rus.

652 534 963 616 χρήματα
1022 534 1499 617 περιεβάλλετο.
1550 572 1635 583 --
1686 534 1952 621 Insuper
2015 556 2093 600 ex
2155 556 2278 601 usu
2335 536 2536 601 nostri
2583 540 2876 620 expectes
2919 532 3040 607 τάς

654 642 850 720 <τε>
912 640 1053 712 νέας
1118 677 1203 690 —-
1264 641 1369 705 καὶ
1431 642 1502 706 τὸ
1564 648 1776 721 τεῖχος
1825 648 1890 708 et
1935 661 2088 707 mox
2133 640 2206 705 τό
2255 642 2452 716 <τε>
2501 648 2714 723 τεῖχος
2763 644 2869 705 καὶ
2919 639 3042 713 τοὶς

651 745 814 819 νέας.
883 747 955 813 In
1016 749 1450 832 sequentibus:
1517 747 1819 813 άδύνατον
1869 748 1995 829 γάρ
2043 748 2338 829 ἐφαίνετό
2383 753 2498 827 σφι
2549 744 2704 813 εἶναι
2755 747 3040 830 [ἑωυτούς

648 857 749 937 τε]
805 856 1011 919 Ἰώνων
1072 856 1487 933 προκατῆσθαι
1540 853 1942 937 φρουρέοντας
1997 854 2094 919 τὸν
2144 854 2358 919 πάντα
2408 855 2660 937 χρόνον,
2711 853 2816 919 καὶ
2869 854 3040 919 ἐαυ-

652 966 802 1023 τῶν
859 962 949 1036 μη
1004 960 1477 1040 προκατημένων
1530 961 1750 1033 Ἴωνας
1818 961 2105 1038 οὐδεμίαν
2167 960 2396 1026 ἐλπίδα
2458 957 2628 1040 εἶχον
2701 959 3042 1041 χαίροντας

652 1065 795 1144 πρὸς
844 1068 959 1130 τῶν
1003 1066 1275 1147 Περσέων
1320 1066 1721 1141 άπαλλάξειν
1763 1066 2034 1132 colorem
2078 1064 2394 1133 Graecum
2434 1086 2561 1132 non
2599 1066 2836 1133 habent
2859 1085 3042 1131 voea-

650 1171 804 1237 bula
848 1172 1092 1239 seclusa
1110 1220 1127 1252 ,
1173 1193 1335 1258 quae
1384 1175 1535 1258 quin
1585 1175 1801 1259 spuria
1847 1176 1978 1238 sint
2024 1171 2242 1239 nullus
2290 1172 2530 1239 dubitn.

743 1390 842 1456 IX
907 1391 1033 1456 101
1100 1387 1169 1466 ἦν
1228 1391 1289 1455 δὲ
1351 1391 1601 1471 άρρωδίη
1681 1398 1798 1473 σφι
1843 1388 2134 1477 (Graecis
2183 1390 2533 1456 victoribus
2581 1389 2662 1455 ad
2707 1386 3041 1476 Mycalen)

656 1496 791 1578 πρὶν
852 1497 961 1579 <ἢ
1029 1498 1251 1568 adde>
1298 1498 1407 1571 την
1469 1499 1687 1577 φήμην
1736 1498 2137 1563 ἐσαπικέσθαι
2159 1546 2174 1573 ,
2223 1496 2352 1562 οὔτι
2403 1496 2538 1576 περὶ
2585 1495 2793 1579 σφέων
2839 1498 3042 1563 αὐτῶν

652 1599 805 1669 οὕτω
868 1606 945 1677 ὥς
990 1602 1126 1683 περὶ
1175 1610 1291 1669 τῶν
1334 1606 1680 1681 Ἑλλήνων,
1728 1608 1816 1681 μὴ
1865 1603 1998 1682 περ)
2046 1603 2363 1685 Μαρδονίῳ
2410 1604 2646 1685 πταίσῃ
2693 1605 2726 1677 ἡ
2776 1600 3038 1673 Ἑλλάς.

652 1710 837 1786 Quod
899 1731 1083 1795 saepe
1144 1711 1376 1777 accidit
1437 1714 1503 1775 in
1568 1712 1916 1787 codicibus,
1987 1716 2061 1774 ut
2135 1714 2280 1775 ante
2339 1708 2642 1782 Ἕλληνες
2721 1707 3039 1774 excideret

650 1814 837 1881 ἄλλοι
862 1864 879 1892 ,
928 1816 1035 1881 hic
1073 1836 1323 1901 quoque
1360 1818 1601 1882 factum
1646 1823 1761 1883 est.
1811 1816 1982 1883 Nam
2023 1816 2364 1883 manifesto
2391 1818 2736 1901 requiritur
2759 1814 2894 1893 περὶ
2920 1820 3037 1877 τῶν

654 1921 992 1999 <dam-vv>
1053 1925 1382 1999 Ἑλλήνων.
1454 1922 1767 2009 Exemplo
1817 1925 1904 1989 sit
1949 1922 2126 1989 locus
2171 1922 2268 1987 IX
2317 1920 2402 1987 69
2452 1924 2594 1988 init.
2644 1921 2757 1987 ubi
2805 1919 3038 2005 reliqui

652 2028 895 2094 codices
950 2034 1119 2095 reete
1182 2028 1551 2095 obtulerunt
1616 2038 1772 2095 τοῖσι
1823 2028 1981 2094 ἄλλ
2003 2051 2158 2094 οισι
2204 2029 2510 2105 Ἕλλησι,
2561 2027 2758 2093 codex
2806 2026 3041 2092 Roma-

650 2156 771 2199 nus
814 2136 1045 2201 vitiose
1093 2142 1246 2201 τοῖσι
1292 2133 1581 2209 Ἕλλησι.
1653 2136 2070 2221 Perfrequens
2118 2142 2214 2199 est
2234 2181 2251 2213 ,
2299 2136 2354 2201 si
2400 2140 2574 2201 reete
2618 2134 2926 2211 memini,
2964 2152 3038 2198 ea

650 2243 923 2307 varietas
970 2244 1038 2307 in
1082 2246 1405 2309 oratorum
1452 2242 1794 2308 codicibus.

740 2458 836 2523 IX
898 2458 1027 2524 102
1088 2459 1259 2525 med.
1325 2461 1375 2525 οἱ
1440 2460 1503 2525 δὲ
1566 2458 1884 2539 δεξάμενοι
1949 2458 2055 2524 καὶ
2103 2458 2318 2540 χρόνον
2364 2458 2588 2539 συχνὸν
2637 2458 3036 2535 άμυνΟμενοι

650 2564 826 2638 τέλος
892 2564 1161 2646 ἔφευγον
1208 2566 1268 2636 ἐς
1318 2566 1387 2632 τὸ
1438 2572 1667 2649 τεῖχος.
1736 2563 2109 2655 Corrigatur
2149 2566 2562 2644 άμυνΛμενοι.
2639 2562 2776 2631 Soli
2813 2564 3037 2630 Parthi

650 2673 1019 2752 α’μυνόμενοι
1068 2671 1355 2755 ἔφευγον.
1843 2691 1848 2694 “

738 2890 831 2957 IX
901 2890 1027 2958 107
1088 2892 1115 2955 ὃ
1163 2891 1225 2956 δὲ
1274 2892 1405 2956 ἐπεὶ
1456 2893 1669 2957 πολλὰ
1721 2891 1971 2970 ἤκουσε,
2023 2891 2187 2958 δεινὰ
2238 2890 2587 2967 ποιεύμενος
2641 2893 2884 2955 σπᾶται
2931 2888 3035 2953 ἐπὶ

648 2999 751 3062 τὸν
816 2999 1113 3072 Μασίςην
1161 2998 1261 3062 τὸν
1310 2998 1616 3063 α’κινάκεα
1662 3000 2054 3082 [ἀποκτεῖναι
2103 2998 2372 3084 ἐθέλων]
2447 2995 2619 3062 Scire
2667 2995 2862 3062 velim
2913 3013 3038 3080 quo

650 3103 778 3168 'elio
842 3103 1103 3169 oonsilio
1162 3105 1229 3168 id
1302 3104 1550 3170 faceret.
1628 3103 1864 3170 Omnia
1925 3105 2144 3169 insunt
2189 3106 2258 3168 in
2305 3103 2440 3170 illis
2487 3107 2733 3167 σπᾶται
2786 3101 2886 3165 ἐπὶ
2933 3099 3036 3166 τὸν

646 3212 944 3285 Μασίςην
1006 3211 1110 3275 τὸν
1170 3209 1473 3275 ἀκινάκεα
1542 3213 1605 3275 et
1666 3212 2079 3302 interpretem
2143 3209 2355 3275 valere
2405 3208 2702 3275 iubemus
2723 3254 2741 3284 ‚
2789 3205 3038 3272 reddito

648 3317 859 3382 eidem
923 3315 1345 3393 Ἀρταΰντεω,
1408 3315 1575 3400 quod
1622 3336 1850 3381 nomen
1898 3314 2354 3400 interpolatum
2401 3319 2546 3400 post
2590 3313 2784 3379 verbe
2826 3311 3036 3378 ὄπισθε

652 3423 871 3492 ἑστεὼς
922 3424 1011 3487 αὖ
1031 3445 1069 3485 τ
1089 3425 1163 3486 οὔ
1212 3422 1399 3498 facit,
1446 3429 1519 3486 ut
1559 3441 1902 3506 pronomen
1942 3423 2130 3492 αὐτός
2167 3427 2388 3488 eontra
2427 3421 2804 3486 sententiam
2841 3418 3042 3505 signi-

633 3527 796 3592 'fieet
854 3546 981 3592 non
1042 3527 1096 3590 is
1117 3573 1131 3598 .
1199 3527 1307 3592 sed
1369 3533 1512 3611 epse.
1574 3565 1660 3576 —-
1722 3527 1877 3592 Post
1938 3547 2139 3612 pauca
2199 3527 2440 3614 legitur
2487 3527 2514 3592 ὃ
2563 3526 2624 3590 δὲ
2675 3523 3038 3602 Ξειναγόρης

650 3638 861 3698 ταῦτα
910 3632 1224 3712 ἐργάσατο
1273 3633 1386 3713 χά
1410 3656 1613 3711 ριτα.
1693 3632 1935 3698 Eadem
1982 3634 2187 3699 forma
2225 3653 2340 3718 pro
2381 3632 2566 3715 χάριν
2607 3631 2850 3720 legitur
2888 3651 3041 3716 quo·

650 3760 773 3824 que
836 3741 970 3804 sine
1028 3740 1335 3806 veriet-ate
1394 3737 1489 3803 VI
1560 3739 1639 3802 41
1714 3737 2016 3812 δοκέοντες
2064 3740 2378 3821 χάριτα
2428 3739 2721 3820 μεγάλην
2769 3737 3038 3813 καταθή-

650 3847 861 3910 σεσθαι
882 3893 899 3924 ,
966 3845 1087 3910 sed.
1140 3843 1264 3910 VII
1329 3843 1458 3909 110
1522 3864 1740 3910 omnes
1800 3844 1949 3910 libri
2011 3845 2247 3912 habent
2313 3843 2482 3926 ἔχειν
2554 3853 2668 3925 σφι
2744 3843 3040 3923 μεγάλην

650 3951 892 4032 χάριν
918 4001 932 4027 ,
984 3957 1047 4015 et
1093 3952 1302 4015 neseio
1350 3969 1430 4014 an
1474 3949 1660 4031 χάριν
1708 3950 1946 4034 ubique
1999 3971 2220 4018 verum
2271 3955 2376 4016 sit.
2449 3950 2545 4018 Cf.
2597 3951 2692 4016 IX
2740 3950 2824 4019 79
2873 3957 3036 4016 extr.

650 4063 716 4123 et
778 4055 929 4122 107.
968 4057 1215 4141 Nempe
1260 4055 1499 4136 χάριτα
1546 4077 1625 4122 ne
1670 4057 1840 4141 apud
1887 4056 2242 4124 Homerum
2295 4058 2556 4144 quidem
2601 4057 2878 4146 legitur,
2927 4057 3038 4122 sed

652 4165 809 4230 dicit
872 4163 1197 4237 θεσπεσίην
1256 4169 1321 4228 et.
1378 4162 1693 4237 μενοεικέα
1744 4163 1951 4244 χάριν.
2023 4161 2289 4230 Codices
2333 4164 2664 4250 Euripidei
2711 4166 2808 4232 bis
2855 4165 3040 4231 obtu-

652 4269 895 4342 lerunt.
946 4269 1053 4334 sed
1100 4271 1437 4355 utrobique
1478 4274 1836 4335 correctum
1881 4276 1999 4335 est.
2071 4270 2259 4355 Apud
2309 4269 2734 4358 Anthologiee
2782 4276 3037 4336 tantum

654 4382 869 4460 poetas
914 4387 1085 4442 certa
1131 4383 1227 4442 est
1274 4389 1372 4459 et,
1421 4375 1488 4440 ni
1533 4377 1792 4463 egregie
1838 4375 2025 4442 fallor
2041 4424 2058 4455 ,
2113 4383 2209 4442 est
2254 4377 2458 4442 forma
2503 4376 2954 4444 Alexandrina.
