3436 5161
1338 364 1659 416 nonnus,
2551 345 2679 412 419
2696 393 2699 398 -

400 527 648 594 Formis
706 530 910 617 igitur
971 529 1178 596 dualis
1240 534 1492 597 numeri
1540 530 1721 609 ἄμμε
1772 529 1944 608 ὔμμε
1991 529 2157 615 apud
2204 528 2563 596 Homerum
2611 531 2681 594 in

309 631 545 719 plurali
601 656 868 702 numero
924 637 1300 724 respondent
1359 639 1742 704 nominativi
1805 634 2018 716 ἄμμες
2082 642 2145 702 01
2204 634 2411 714 ὔμμες
2431 685 2450 721 ,
2497 635 2682 722 plane

310 744 386 805 ut
429 738 604 820 ἄνδρε
649 741 924 808 dicimus
969 743 1045 810 de
1092 744 1369 824 duobus,
1419 744 1625 826 ἄνδρες
1674 744 1753 810 de
1788 742 2103 830 pluribus.
2152 742 2333 822 Quod
2370 762 2491 828 quo
2528 745 2683 808 sim-

307 845 539 932 plicius
584 852 652 914 et
693 855 1025 936 perspectu
1072 850 1325 916 facilius
1343 898 1360 927 ,
1407 871 1482 918 eo
1528 849 1921 938 probabilius
1966 853 2063 916 est
2106 848 2472 916 dicendum.

869 1097 907 1181 ξ
948 1093 1015 1162 2.
1081 1101 1178 1161 Dc
1221 1097 1545 1162 accusativi
1572 1098 1849 1182 pluralis
1880 1097 2124 1184 fomis.

398 1309 680 1377 Homero
724 1309 924 1400 vulgo
968 1313 1340 1378 tribuuntur
1383 1313 1502 1379 hae
1545 1312 1821 1380 formae:

740 1417 975 1497 ἡμέας,
1028 1418 1220 1496 ὑμέας
1247 1469 1264 1496 ,
1312 1419 1516 1500 σφέας
1536 1469 1552 1497 ,

309 1523 433 1587 nisi
477 1523 644 1608 quod
687 1524 885 1590 semel
929 1528 1278 1611 reperimus
1324 1524 1492 1603 ἧμας
1539 1551 1588 1591 π·
1636 1523 1769 1591 372
1816 1522 2009 1611 (ἧμας
2056 1523 2433 1608 ὑπεκφύγοι)
2462 1523 2542 1610 1),
2587 1543 2685 1588 se-

309 1627 439 1694 mel
484 1624 656 1706 σφῖις
703 1639 755 1695 Ε
807 1629 936 1696 567
984 1631 1184 1718 (σφας
1232 1633 1685 1717 &mammen-h
1734 1632 1851 1698 hoc
1898 1638 2114 1696 tamen
2160 1633 2357 1696 etiam
2403 1629 2444 1710 ζ
2478 1625 2518 1693 6
2568 1647 2683 1714 po-

309 1738 436 1800 test
493 1735 743 1814 reduci,
805 1739 861 1802 si
921 1758 1031 1824 pro
1093 1743 1296 1830 omega
1356 1737 1689 1804 σινέσκοντο
1752 1737 2032 1826 legimus
2094 1746 2266 1819 σφας
2316 1735 2684 1801 saevientem

309 1841 830 1928 (ΕΛΣ-ΛΣΕ),
880 1843 1095 1910 addito
1142 1865 1266 1931 quo
1313 1865 1501 1932 aegre
1551 1865 1841 1910 caremus
1888 1849 2249 1932 augmento.

400 1944 850 2034 Compluribus
893 1955 1110 2015 autem
1154 1951 1312 2016 10010
1355 1951 1597 2016 formae
1644 1949 1843 2028 ἡμέας
1894 1948 2092 2027 ὑμέας
2136 1945 2342 2031 σφέας
2382 1948 2688 2034 leguntur

311 2059 456 2120 ante
503 2053 756 2121 literam
804 2055 1088 2122 vocalem
1133 2059 1228 2122 ita
1274 2057 1613 2123 collocatae
1652 2063 1728 2122 ut
1765 2055 2052 2143 syllabae
2091 2079 2235 2129 -εας
2272 2055 2481 2120 thesin
2504 2052 2685 2139 pedis

309 2159 603 2226 efficiant.
652 2159 996 2247 Utramque
1039 2164 1246 2250 igitur
1283 2163 1595 2251 syUabam
1624 2183 1756 2228 0000
1780 2161 2235 2228 enunciandam
2262 2168 2327 2226 et
2350 2165 2685 2244 utramque

309 2267 568 2334 brevem
626 2289 762 2334 esse
819 2275 1023 2354 patet,
1089 2291 1292 2356 neque
1339 2273 1676 2357 quisquam
1724 2267 1921 2334 semel
1967 2268 2329 2334 admonitus
2378 2266 2455 2331 de
2500 2285 2573 2331 ea
2616 2287 2683 2331 re

311 2373 651 2439 dubitabit.
720 2373 920 2441 Locos
964 2377 1291 2442 indicabo:

403 2478 601 2556 ἡμέας
650 2481 876 2568 (Luc)
924 2481 1164 2570 legitur
1209 2491 1264 2547 Θ
1319 2480 1488 2560 529,
1539 2491 1590 2546 Κ
1629 2480 1803 2566 211,
1853 2492 1912 2546 Λ
1957 2479 2123 2557 695,
2174 2487 2229 2544 Ο
2273 2476 2437 2554 136,
2484 2475 2685 2556 β86,

493 2584 658 2663 244,
709 2588 742 2653 δ
788 2586 958 2664 294,
1009 2612 1059 2652 π·
1105 2587 1272 2667 381,
1319 2613 1358 2654 τ
1405 2587 1576 2674 884,
1622 2612 1675 2670 χ
1723 2585 1893 2673 264,
1939 2592 1993 2667 ψ
2046 2585 2214 2671 138,
2256 2584 2410 2652 224.

406 2689 598 2769 ὑμέας
643 2694 870 2781 (Luc)
915 2694 968 2772 β
1014 2692 1121 2760 75.

403 2798 606 2878 σφέας
653 2800 816 2886 (aa)
862 2808 924 2866 N
977 2800 1135 2880 152,
1191 2812 1235 2867 Ρ
1277 2800 1447 2886 278,
1495 2828 1528 2879 η
1572 2800 1696 2881 40,
1743 2826 1796 2879 μ
1833 2800 1961 2885 40,
2010 2799 2177 2880 225,
2235 2823 2286 2864 π
2323 2796 2681 2878 228,4’75,

492 2930 523 2986 ρ
569 2904 736 2985 261,
787 2929 820 2971 υ
874 2906 1038 2987 188,
1081 2932 1134 2989 χ
1184 2907 1350 2987 415,
1397 2916 1451 2991 ψ
1501 2908 1618 2987 66,
1670 2934 1712 2973 ω
1763 2907 1914 2974 439.

404 3011 528 3078 Sed
587 3034 712 3079 non
777 3015 990 3079 minus
1050 3015 1408 3099 frequenter
1468 3017 1708 3083 formae
1769 3014 1969 3094 ἡμέας
2017 3015 2212 3090 ὑμέας
2260 3013 2465 3094 σφέας
2511 3033 2685 3098 repe·

309 3122 563 3184 riuntur
625 3126 924 3203 sequente
984 3119 1172 3186 litera
1233 3142 1538 3205 consona,
1595 3124 1687 3187 ita
1734 3130 1809 3187 ut
1854 3142 1965 3207 per
2010 3123 2325 3206 synizesin
2371 3122 2499 3185 0101
2544 3140 2685 3204 pro-

309 3225 720 3291 nunciandae.
791 3227 990 3313 Atqui
1053 3229 1354 3313 synizesie
1418 3234 1482 3293 et
1542 3230 1887 3294 contractio
1930 3230 2187 3293 nomine
2234 3227 2446 3313 magis
2491 3245 2683 3310 quam

310 3353 378 3398 re
414 3332 747 3415 differunt,
787 3338 852 3399 et
887 3337 1225 3418 utramque
1269 3335 1476 3421 igitur
1521 3337 1590 3400 in
1637 3334 1919 3399 Homero
1964 3353 2087 3398 non
2133 3334 2256 3397 nisi
2301 3331 2685 3398 reluctanter

311 3438 750 3515 admittimus;
814 3446 999 3524 poeta
1065 3441 1235 3505 enim
1293 3443 1361 3505 in
1423 3443 1502 3506 iis
1565 3441 1829 3507 demum
1874 3438 2201 3506 vocabulis
2248 3438 2325 3503 ad
2373 3440 2685 3524 synizesin

311 3544 647 3631 confugere
687 3543 880 3623 solet,
928 3552 993 3609 01
1041 3565 1154 3610 suo
1201 3546 1478 3631 profecto
1527 3550 1665 3612 iure
1713 3546 2003 3633 confugit
2022 3592 2039 3623 ,
2087 3565 2246 3629 quae
2293 3550 2497 3609 metro
2545 3544 2684 3608 dac·

311 3650 508 3737 tylico
549 3651 832 3737 alioquin
871 3653 1062 3717 inseri
1095 3674 1219 3719 non
1258 3659 1530 3738 possent.
1577 3652 1648 3718 Id
1672 3673 1823 3719 vero
1845 3673 1969 3718 non
1993 3651 2164 3717 valet
2187 3652 2265 3717 de
2286 3651 2509 3717 formis
2530 3670 2687 3735 quas

311 3762 658 3822 tractamus
677 3807 695 3840 ,
742 3763 806 3822 et
854 3778 1078 3844 parum
1125 3761 1329 3846 igitur
1375 3758 1696 3844 probabile
1736 3766 1832 3823 est
1858 3779 1961 3824 000
1987 3778 2267 3842 unquam
2292 3762 2685 3844 repugnante

308 3868 514 3928 metro
559 3864 752 3928 fuisse
801 3862 1120 3929 adhibitas
1137 3912 1152 3939 ,
1209 3886 1356 3931 cum
1395 3868 1670 3949 aptiores
1711 3866 1951 3930 formae
1990 3870 2196 3929 000001
2235 3864 2303 3929 10
2342 3885 2463 3929 usu
2488 3861 2685 3941 ἧμας,

311 3964 642 4053 <ὑμας>,
691 3963 884 4050 σφᾶς.
935 3968 1109 4050 Quae
1159 3972 1213 4035 ei
1256 3992 1567 4057 nusquam
1609 3976 2076 4057 comparerent,
2122 3976 2263 4035 tuto
2288 3975 2502 4035 tamen
2528 3966 2685 4056 fingi

380 4244 434 4309 1)
463 4242 596 4293 Libri
623 4244 765 4295 MSS.
798 4244 950 4294 stulto
984 4260 1147 4294 errore
1179 4242 1312 4305 ὑμᾶς
1344 4245 1420 4295 vel
1459 4243 1592 4307 ὑμᾶς
1624 4244 1847 4295 exhibent
1878 4246 2093 4311 plerique
2106 4282 2122 4305 ,
2156 4259 2303 4311 pravo
2338 4246 2557 4304 accentu,
2590 4260 2685 4309 quo

309 4330 518 4378 metrum
549 4325 806 4389 iugulatur.
845 4326 1090 4377 Naucln'us
1123 4324 1265 4387 iimcc
1298 4328 1473 4386 edidit,
1511 4328 1635 4377 male
1668 4330 1857 4387 tamem
1892 4343 2005 4377 nam
2038 4344 2127 4393 pro
2154 4327 2336 4387 forma,
2372 4342 2515 4391 quam
2538 4328 2686 4377 00010-

305 4409 476 4457 simam
510 4423 608 4457 0000
640 4408 964 4459 demonstrare
995 4408 1222 4467 conabor,
1257 4408 1502 4461 substituit
1537 4409 1681 4460 aliem
1722 4410 1779 4459 ab
1812 4410 1902 4459 hoc
1936 4410 2041 4459 1000
2078 4408 2306 4469 alienam,
2345 4424 2455 4459 cum
2488 4408 2546 4459 de
2579 4408 2685 4475 plu·

307 4490 444 4542 ribus
476 4492 702 4557 loquatur
735 4493 893 4556 poeta.
