3436 5161
1448 343 1768 394 uounaus.
2678 325 2802 392 197

405 507 679 574 Mirifice
719 509 841 575 hao
884 509 1090 574 forma
1136 507 1369 574 melius
1414 511 1635 594 opinor
1681 510 2041 574 carebimus
2057 555 2075 588 ,
2122 529 2270 574 cum
2317 507 2689 594 praesertim
2730 521 2795 574 et

406 614 564 680 alibi
610 615 780 700 apud
825 612 1184 679 Homerum
1232 621 1296 681 et
1339 617 1407 680 in
1451 617 1690 680 vicinia
1742 614 1859 700 (vs.
1917 613 2076 694 642)
2130 619 2489 680 constanter
2524 614 2795 694 μάστιγι

407 725 714 788 occurrat.
763 719 1122 786 [sevissima
1160 722 1366 808 igitur
1396 721 1500 787 vel
1527 723 1745 808 potius
1768 720 1948 788 nulla
1972 720 2329 788 mutatione
2351 723 2798 788 restituamus:

680 825 952 906 μάστιγ’
999 827 1129 893 αἰὲν
1181 825 1435 904 ἔλαυνε,

405 933 570 998 nihil
616 935 788 1000 enim
836 933 1064 1019 copula
1109 934 1173 999 δὲ
1217 934 1337 1012 hoc
1382 932 1520 1000 loco
1571 954 1731 1020 opus
1777 939 1894 1000 eet.
1964 932 2201 1001 Sanam
2248 937 2626 1020 scripturam
2670 955 2795 1001 ser-

405 1044 517 1106 vat
580 1041 692 1124 qui
753 1038 1028 1118 μάστιγι
1089 1040 1286 1125 (quod
1345 1039 1625 1118 μάστῖγι
1688 1040 2235 1126 pronunciandum
2298 1041 2635 1106 censebant
2650 1089 2669 1122 ,
2719 1047 2797 1107 ut

407 1144 614 1224 κῆρῦκι
661 1155 705 1210 Ρ
759 1143 916 1230 324)
964 1145 1224 1211 exhibet
1261 1146 1456 1212 codex
1493 1144 1957 1212 Townleianus.
2006 1144 2159 1212 Sine
2200 1145 2396 1213 dubio
2435 1151 2791 1214 monstruo-

405 1271 552 1316 sum
577 1249 763 1316 .illud
809 1249 1009 1328 μάστι
1056 1253 1294 1316 iterum
1341 1250 1662 1338 legeretur
1702 1272 1891 1319 versu
1934 1249 2065 1318 642
2084 1299 2101 1329 ,
2142 1251 2267 1318 nisi
2305 1249 2423 1318 illo
2459 1251 2601 1318 loco
2640 1263 2795 1339 aug·

406 1362 697 1422 mentum
764 1359 1116 1443 potuissent
1176 1356 1384 1424 delere
1440 1363 1684 1424 veteres
1732 1359 2143 1445 grammatici
2158 1377 2177 1436 ;
2232 1355 2533 1444 antiquus
2580 1363 2795 1424 tamen

406 1469 592 1547 poeta
647 1463 739 1529 ibi
799 1483 1048 1548 quoque
1107 1465 1176 1528 ni
1237 1463 1425 1528 fallor
1488 1462 1779 1530 voluerat
1838 1483 1951 1550 per
2008 1463 2339 1530 elisionem
2394 1467 2797 1549 pronunciari

405 1567 676 1646 μάστιγ’
725 1569 1008 1647 ἐκέλευε,
1053 1571 1214 1634 item
1265 1579 1342 1634 Ω
1384 1567 1620 1658 326¹).

477 1674 800 1750 ‚Eiusdem
849 1675 1088 1740 farinae
1134 1680 1235 1740 est
1280 1677 1548 1741 aoristus
1595 1671 1702 1753 ἦξε
1758 1685 1816 1740 Ψ
1869 1671 2037 1740 392:

680 1777 920 1846 ἵππειον
969 1779 1032 1845 δέ
1079 1802 1157 1845 τοι
1207 1775 1313 1855 ἦξε
1361 1779 1474 1846 θεὰ
1514 1777 1733 1860 ζυγόν,

407 1889 612 1952 immo
680 1884 920 1952 ἵππειον
968 1885 1032 1952 δέ
1077 1887 1124 1951 r’
1172 1885 1344 1964 ἔναξε
1392 1886 1501 1951 θεοὶ
1549 1883 1756 1966 ζυγόν.

407 1991 653 2078 (Altero
711 1993 851 2060 loco
910 1995 1026 2058 ubi
1084 1997 1522 2078 portentosum
1584 1991 1750 2058 illud
1815 1987 1921 2070 ἦξε
1985 1998 2345 2079 comparet,
2408 2017 2447 2059 τ
2519 1992 2679 2074 539,
2756 2017 2793 2062 a

408 2097 646 2166 Cobeto
709 2087 956 2166 dudum
1001 2103 1353 2166 correctum
1401 2105 1498 2166 est
1543 2102 1701 2164 πάσι
1751 2099 1897 2163 κατ’
1945 2097 2165 2180 αὐχέν’
2215 2096 2393 2178 ἔναξε
2438 2122 2553 2187 pro
2599 2101 2790 2185 αὐχέ-

407 2229 514 2279 νας
563 2201 720 2292 ἦξεο)

497 2423 673 2492 Haec
735 2427 946 2512 igitur
987 2422 1298 2492 vocabula
1343 2423 1714 2490 detruncata
1760 2429 1927 2489 sunt.
2000 2421 2137 2488 Iam
2183 2423 2539 2509 proferatur
2583 2446 2709 2494 vox
2755 2447 2793 2494 a

405 2532 729 2599 veteribus
773 2531 1130 2597 Procrustis
1175 2528 1349 2596 ultra
1395 2528 1763 2617 legitimam
1813 2549 2185 2597 mensuram
2232 2535 2571 2616 protracta.
2624 2531 2795 2599 Bene

407 2644 636 2704 notum
693 2638 1068 2704 adverbium
1124 2639 1194 2701 in
1255 2636 1485 2723 lingua
1543 2634 1891 2701 Homerica
1950 2641 2047 2701 est
2108 2632 2151 2700 ά
2169 2659 2216 2714 γ
2230 2658 2319 2715 χι
2342 2683 2361 2721 ,
2421 2638 2589 2721 quod
2640 2658 2789 2704 cum

409 2747 842 2830 comparativo
899 2738 1088 2808 ἆσσον
1147 2749 1230 2833 et·
1270 2740 1658 2827 superlativo
1722 2738 2017 2820 άγχιστα
2082 2747 2147 2806 et
2193 2744 2543 2827 composito
2590 2744 2791 2825 άγχΙ-

407 2864 594 2927 μολον
656 2850 876 2917 codem
940 2869 1130 2915 sensu
1192 2846 1532 2913 adhibetur
1595 2866 1720 2931 quo
1781 2849 2155 2932 posteriores
2218 2847 2418 2925 ἐγγύς
2474 2848 2785 2917 dicebant.

407 2956 684 3023 Persona
726 2957 1034 3042 subiungi
1078 2953 1240 3020 solet
1286 2954 1353 3017 in
1403 2952 1641 3018 dativo.
1711 2951 2012 3039 Exempli
2058 2954 2304 3040 gratia:

498 3073 547 3131 Z
597 3060 762 3129 405:
815 3059 1218 3143 Ἀνδρομάχη
1267 3058 1332 3125 δέ
1377 3081 1454 3124 τοι
1501 3054 1671 3139 ἄγχι
1720 3060 2070 3139 παρίστατο
2119 3059 2309 3139 δάκρυ
2356 3057 2618 3141 χέουσα.

499 3180 552 3237 Τ
601 3167 767 3237 283:
818 3167 1146 3248 ταρβήσας
1192 3164 1228 3231 δ’
1265 3188 1343 3232 τοι
1390 3163 1560 3245 άγχι
1608 3167 1793 3244 πάγη
1837 3164 2049 3244 βέλος.

500 3286 553 3343 Τ
604 3274 772 3343 449:
822 3270 858 3348 ἦ
903 3274 972 3339 τὲ
1019 3297 1111 3339 τοι
1159 3271 1328 3353 ἄγχι
1371 3274 1382 3356 Ι
1425 3264 1568 3345 ἦλθε
1616 3270 1828 3336 κακόν.

491 3394 553 3451 Ψ
604 3382 770 3449 44¹7:
817 3384 1063 3459 μᾶλλον
1111 3377 1558 3459 ἐπεδραμέτην,
1607 3376 1793 3457 τάχα
1840 3377 1905 3442 δέ
1953 3382 2165 3459 σφισιν
2211 3376 2379 3462 ἄγχι
2428 3380 2695 3459 γένοντο.

407 3491 649 3559 Eadem
695 3488 1080 3555 constructio
1125 3491 1222 3552 est
1267 3487 1408 3551 voci
1455 3480 1718 3565 σχεδόν;
1768 3501 1823 3549 s.
1874 3506 1977 3571 g.:

501 3607 552 3663 Φ
605 3594 727 3661 64:
777 3586 806 3657 ὃ
855 3593 919 3658 δέ
965 3616 1041 3659 τοι
1090 3590 1312 3672 σχεδὸν
1361 3585 1504 3664 ἦλθε
1548 3589 1843 3665 τεθηπώς.

409 3704 570 3770 Ecce
628 3721 776 3785 vero
835 3699 1034 3767 altera
1093 3698 1300 3763 forma
1361 3699 1428 3761 in
1491 3694 1855 3762 Homericis
1912 3702 2172 3782 apparet
2216 3698 2323 3775 άγ
2343 3704 2527 3783 χοῦ,
2575 3706 2640 3765 et
2686 3700 2790 3767 hic

410 3808 546 3876 illic
597 3810 703 3886 άγ
722 3807 927 3889 χόθι.
1001 3804 1320 3871 Adverbia
1365 3822 1514 3869 vero
1559 3804 1626 3867 in
1673 3807 1775 3868 -οὖ
1823 3822 1935 3887 pro
1982 3802 2101 3867 -όθι
2148 3802 2497 3869 desinentia
2540 3807 2793 3871 serioris

411 3917 638 3983 aetatis
699 3934 832 3981 esse
893 3912 1211 3979 videntur.
1307 3908 1491 3989 Quod
1561 3914 1771 3976 tamen
1840 3908 2208 3988 Nauckius,
2280 3911 2615 3977 verissima
2674 3910 2795 3978 hac

410 4022 846 4089 observatione
911 4026 1157 4095 motus,
1222 4016 1460 4097 άγχόθι
1525 4016 1783 4100 scripsit
1842 4015 2049 4080 sicubi
2094 4020 2307 4081 textus
2354 4016 2569 4097 άγχοῦ
2617 4016 2793 4083 exhi-

477 4210 532 4278 1)
571 4210 876 4260 Accusativus
907 4206 1092 4271 μάστιν
1123 4207 1304 4273 legitur
1337 4222 1362 4254 ο
1395 4205 1516 4255 1822
1720 4242 1727 4249 .

911 4294 962 4357 ἶ,
999 4296 1084 4347 καὶ
1119 4290 1198 4361 ἐφ’
1237 4298 1420 4346 mour
1455 4292 1642 4355 μάστιν
1677 4291 1859 4354 βάλεν·
1902 4290 1949 4341 οἳ
1982 4290 2036 4342 δῖ
2074 4286 2197 4355 μάλ’
2236 4288 2355 4343 ὅκα.

475 4389 736 4441 lavinium
767 4390 929 4439 tamen
960 4387 1253 4439 correctione
1286 4389 1444 4453 potest
1475 4383 1712 4446 μάστιγα
1746 4384 1959 4435 restitui:

1149 4468 1368 4541 μάστιγ’
1407 4468 1580 4538 ἵβαδΐ·
1624 4472 1665 4523 ὃ
1701 4471 1755 4523 δί
1792 4472 1913 4535 μάλ·
1952 4468 2071 4525 ὅκα.
