3436 5161
698 330 831 397 324
1664 343 1925 395 cassms
1969 344 2102 393 mo.

696 511 1007 590 πομπηίου
1073 508 1591 591 §oxma-remim
1650 532 1707 575 κ.
1736 534 1794 573 τ.
1823 508 1946 596 λ.),
1997 507 2364 595 glossasque
2412 512 2475 571 et
2525 506 2736 571 varias
2779 503 3088 569 lectiones

695 637 773 683 ex
818 618 1111 704 margine
1157 618 1223 681 in
1270 621 1524 682 textum
1572 619 1856 701 receptas
1901 612 2130 699 (veluti
2173 612 2292 690 39,
2336 613 2406 691 1,
2453 612 2496 677 4
2537 611 2852 677 Mediceus
2887 610 3087 675 habet

695 723 835 795 τούς
880 748 949 787 τε
996 724 1036 763 ¹¹¹¹
1060 722 1278 801 ψιλοὺς
1327 728 1393 788 et
1440 724 1507 787 in
1558 723 1854 809 'margine
1902 721 1941 759 ¹*
1967 721 2190 801 Φίλους
2213 768 2230 798 ,
2278 719 2631 786 Vaticanus
2677 717 2816 788 τούς
2859 740 2928 781 τε
2965 716 3084 796 Φί-

695 844 836 903 λους
883 828 1168 913 ψιλούς),
1209 829 1740 914 subscriptionem
1789 826 2056 912 denique
2105 823 2507 914 singulorum
2553 823 2864 890 librorum
2912 842 3084 887 sem-

692 958 803 1021 per
848 936 1111 1001 eandem
1151 937 1221 1000 in
1268 940 1537 1019 utroque
1584 934 1800 1000 codice
1842 970 1926 981 —-
1967 939 2033 999 et
2080 935 2250 1017 iam,
2297 933 2368 997 ni
2410 929 2634 1013 fallor,
2685 929 2849 994 mihi
2895 927 3082 993 dabis

692 1040 1070 1107 Vaticanum
1117 1040 1357 1106 librum
1404 1038 1681 1105 Medicei
1731 1059 1864 1105 esse
1911 1038 2374 1125 apographum.
2445 1034 2628 1101 Unde
2675 1036 2966 1119 sequitur
3004 1052 3082 1097 ea

691 1151 904 1231 parte,
950 1167 1075 1231 qua
1122 1144 1467 1211 Vaticanus
1512 1144 1799 1210 Mediceo
1847 1147 2093 1209 auctior
2133 1150 2230 1208 est
2269 1142 2442 1221 (libri
2483 1139 2568 1206 36
2608 1142 2820 1225 capita
2854 1136 3080 1203 3—19

690 1252 829 1317 dico
890 1258 955 1317 et
1010 1251 1209 1317 libros
1276 1251 1395 1328 50,
1460 1248 1707 1329 6-54)
1779 1248 2060 1315 nondum
2132 1250 2406 1313 caruisse
2475 1244 2842 1313 Mediceum
2914 1262 3080 1309 anno

694 1356 867 1421 1439
916 1361 981 1421 et
1024 1356 1093 1421 in
1139 1356 1242 1421 his
1288 1356 1471 1423 libris
1514 1354 1902 1421 Vaticanum
1950 1355 2136 1420 nobis
2181 1353 2452 1419 Medicei
2488 1352 2626 1417 loco
2667 1372 2818 1417 esse.
2869 1349 3081 1431 Quare

689 1462 767 1527 de
828 1462 947 1527 hac
1008 1468 1186 1546 parte
1208 1510 1225 1535 .
1291 1464 1661 1547 praesertim
1710 1460 1788 1526 de
1835 1459 2134 1526 Vaticani
2181 1459 2418 1525 codicis
2465 1460 2653 1524 initio
2699 1456 3080 1545 diligentius

689 1567 1071 1633 videbimus.
1767 1616 1774 1625 .

675 1684 681 1691 ·
778 1671 1024 1737 Notum
1082 1677 1179 1737 est
1224 1672 1327 1738 his
1374 1672 1689 1758 capitibus
1708 1721 1726 1756 ,
1779 1672 2012 1757 quibus
2059 1670 2318 1737 Luculli
2365 1672 2688 1757 expeditio
2733 1673 2800 1735 in
2850 1668 3078 1735 Arme·

686 1780 861 1843 niam
927 1773 1279 1857 narratur(
1330 1785 1661 1864 tamquam
1731 1778 1878 1844 libri
1957 1778 2043 1844 35
2114 1779 2510 1867 fragmento,
2581 1779 2662 1844 ab
2729 1778 3078 1843 editoribus

686 1885 1036 1968 prioribus,
1098 1892 1245 1949 ante
1308 1886 1502 1951 verba
1530 1930 1730 1949 .....
1778 1884 2062 1966 Φείδεται
2090 1906 2105 1923 ·
2153 1884 2515 1957 δυναστείας
2564 1908 2635 1948 τε
2689 1885 2862 1965 ἐρῶν,
2911 1903 3076 1968 quae

686 1987 928 2054 librum
997 1988 1081 2053 36
1142 1991 1662 2074 exordiebantur,
1711 1990 1926 2057 locum
1973 1990 2195 2055 datum
2246 1991 2440 2056 fuisse
2459 2040 2478 2074 ,
2523 1989 2892 2055 Penzelium
2941 1992 3074 2073 pri-

689 2114 875 2159 mum
942 2096 1281 2161 coniecisse
1342 2096 1497 2161 haec
1544 2097 1711 2163 inter
1759 2097 1952 2163 verba
1999 2096 2558 2177 προσχωρήσαντας
2610 2098 2688 2179 (c.
2743 2096 2776 2160 1
2829 2098 2958 2173 ex.)
3009 2101 3078 2159 et

688 2198 845 2274 λέξω
904 2200 967 2264 δὲ
1017 2200 1123 2276 ἤδη
1173 2204 1254 2286 (c.
1305 2201 1393 2266 20
1440 2204 1557 2287 in.)
1606 2222 1740 2267 esse
1786 2201 2257 2289 interponenda.
2333 2200 2540 2282 Quam
2587 2203 2987 2287 opinionem,
3035 2221 3076 2266 a

686 2305 1025 2391 Xiphilino
1086 2313 1163 2372 ut
1225 2308 1563 2374 videbatur
1620 2306 2058 2374 confirmatam
2078 2355 2097 2384 ,
2145 2314 2434 2386 secutus,
2483 2307 2814 2375 Bekkerus
2859 2312 3072 2373 totum

685 2411 901 2478 locum
947 2412 1017 2477 in
1063 2412 1233 2479 hunc
1282 2414 1544 2479 modum
1602 2414 1950 2499 disposuit:

779 2516 1203 2604 1.Χ1ρ11111111
1246 2522 1454 2604 prima
1490 2520 1683 2585 verba
1725 2520 1815 2606 (p.
1846 2520 1920 2596 1,
1969 2517 2194 2585 6-20
2237 2516 2564 2606 Dind.)=
2587 2518 2737 2584 libri
2766 2517 2852 2584 35
2899 2518 3069 2587 finis.

773 2625 836 2690 2.
886 2671 1080 2690 .....
1106 2625 1415 2706 Φείδεται.
1464 2625 1830 2698 δυναστείας
1875 2649 1946 2690 τε
1995 2628 2130 2706 ἐρῶν
2183 2663 2264 2676 -
2307 2628 2876 2707 προσχωρήσαντας
2921 2625 3070 2692 Lib.

684 2729 1565 2921 363.1Χ1]211111.1,2Ο--2,
1621 2837 1722 2903 15.

647 2953 655 2964 ’
773 2944 896 3007 4..
932 2989 993 3006 ..
1023 2989 1040 3008 .
1090 2933 1199 3007 καὶ
1248 2940 1339 3008 ὅτι
1390 2944 1617 3026 ἶσχυρᾷ
1665 2953 1743 3024 τῇ
1793 2942 1964 3024 τύχῄ
2029 2979 2096 2990 —
2146 2942 2439 3023 διεφθάρη
2489 2942 2608 3028 36,
2659 2943 2768 3008 3-
2801 2943 2904 3009 19.

774 3047 836 3111 5.
884 3045 1043 3122 λέξω
1091 3047 1153 3112 δὲ
1202 3047 1311 3126 ἤδη
1360 3069 1492 3132 sqq.
1544 3069 1595 3113 c.
1649 3048 1739 3113 20
1785 3068 1919 3133 sqq.

768 3151 952 3219 Hanc
1013 3160 1231 3220 tamen
1280 3123 1796 3238 dispositionem,
1844 3172 2205 3238 quanquam
2253 3173 2292 3218 a
2339 3151 2660 3220 Dindorfio
2707 3160 3062 3240 receptam.

677 3258 1027 3345 genuinam
1074 3279 1196 3324 non
1245 3279 1378 3324 esse
1426 3277 1571 3323 meo
1618 3258 1877 3342 quidem
1923 3258 2162 3323 iudicio
2211 3279 2251 3324 a
2297 3259 2510 3325 codice
2556 3258 2861 3326 Vaticano
2899 3259 3070 3327 clare

675 3364 1169 3429 demonstratur.

764 3469 1062 3534 Primum
1125 3469 1291 3534 enim
1350 3468 1417 3533 in
1463 3468 1756 3535 Mediceo
1801 3468 2016 3534 codiee
2035 3514 2052 3546 ‚
2101 3468 2211 3552 qui
2257 3469 2484 3555 incipit
2531 3469 2720 3536 hodie
2765 3492 2803 3537 a
2851 3471 3064 3538 verbis

673 3576 958 3658 Φείδεται
1027 3573 1388 3646 δυναστείας
1452 3598 1521 3640 τε
1574 3576 1711 3653 ἐρῶν
1731 3623 1748 3652 ,
1798 3579 1941 3659 post
1989 3574 2260 3640 verbum
2309 3575 2870 3656 προσχωρήσαντας
2927 3584 3062 3643 sta-

675 3682 794 3747 tim
860 3680 1085 3748 eodem
1146 3701 1335 3748 versu
1392 3679 1679 3765 sequitur
1741 3677 1898 3754 λέξω
1971 3703 2028 3745 κ.
2055 3703 2118 3744 τ.
2144 3694 2200 3744 λ.
2224 3727 2244 3758 ,
2311 3701 2472 3765 quae
2533 3703 2680 3746 cum
2731 3683 3062 3770 aptissime

673 3788 841 3854 inter
884 3809 951 3853 se
998 3787 1369 3852 cohaereant
1416 3805 1601 3852 causa
1643 3785 1822 3851 nulla
1859 3790 1955 3850 est
1993 3807 2106 3850 cur
2146 3786 2610 3874 disiungantur.
2655 3786 2822 3853 Tum
2851 3789 3060 3875 capita

675 3892 897 3959 3-19
955 3894 1111 3981 (9·1,
1158 3913 1301 3980 pag.
1356 3892 1453 3959 ed.
1503 3891 1692 3958 Dind.
1743 3911 1906 3976 quae
1953 3889 2234 3958 efficiunt
2280 3897 2583 3978 quattuor
2625 3893 2782 3960 folia
2825 3895 3060 3960 codicis

672 3998 972 4086 Medicei)
1034 4004 1181 4065 ante
1242 4000 1437 4066 verba
1495 3997 1783 4079 φείδεται
1847 4021 1908 4062 κ.
1933 4021 1996 4066 τ.
2021 4013 2082 4064 λ.
2147 3998 2215 4064 111
2277 3997 2566 4064 Mediceo
2626 3999 2766 4084 ipso
2827 4000 3060 4085 scripta

672 4105 869 4172 fuisse
930 4126 1009 4172 ex
1070 4103 1374 4171 Vaticano
1435 4111 1712 4189 apparet.
1798 4101 1998 4174 Cuius
2059 4104 2359 4170 librarius
2404 4125 2550 4170 cum
2598 4111 2742 4189 post
2791 4107 3056 4173 verbum

676 4210 967 4292 διεφθάρη
1028 4229 1269 4278 novum
1326 4230 1588 4277 versum
1653 4210 1992 4295 inceperit,
2052 4211 2172 4276 hoc
2230 4210 2370 4276 loco
2431 4210 2706 4276 Medicei
2758 4210 3056 4278 lacunam

673 4317 984 4382 indicasse
1028 4315 1405 4382 iudicandus
1450 4323 1565 4382 est.
1636 4315 1820 4382 Unde
1857 4317 2145 4400 sequitur
2184 4337 2346 4384 anuo
2389 4315 2560 4382 1439
2602 4318 2774 4384 hunc
2813 4325 3052 4386 statum

675 4422 949 4489 Medicei
996 4422 1221 4486 fuisse:
