3436 5161
721 328 855 396 328
1694 345 1955 398 osssms
1999 347 2130 397 mo.

716 510 759 578 2
820 517 1003 578 τοῦτο
1061 513 1130 576 in
1190 511 1403 578 verbis
1464 511 1613 576 δοκῶ
1677 511 1728 576 δ’
1787 509 1880 576 ὅτι
1929 511 2034 576 καὶ
2085 512 2150 576 ἒν
2193 519 2322 583 τοῖς
2370 509 2484 590 ἔξω
2535 513 2778 594 χωρίοις
2829 513 2897 578 τὸ
2955 511 3116 577 αὐτὸ

718 623 899 684 τοῦτο
956 616 1307 698 σννονέχδη.
1370 617 1513 684 Lib.
1580 616 1703 698 55,
1771 615 1836 704 ¹7,
1903 618 1936 682 1
1990 617 2220 684 codex:
2263 625 2371 694 τῆς
2413 641 2484 682 τε
2525 619 2651 698 γὰρ
2689 619 2876 699 ὀργῆς
2921 617 3118 684 αὐτὸν

723 725 1147 814 (Augustum)
1210 725 1479 805 παρέλυε
1543 724 1647 789 καὶ
1710 725 1772 794 ἐς
1831 723 1902 788 τὸ
1965 725 2289 804 ἠπιώτερον
2353 727 2610 802 μεθίστη
2675 726 3080 812 (Maecenas)
3095 745 3112 803 3

720 839 1031 899 corrector
1088 834 1359 898 inseruit
1422 832 1519 897 ais>
1580 831 1750 917 quod
1797 835 1940 917 post
1987 831 2173 897 αὐτὸν
2219 835 2597 918 requiritur,
2645 838 2712 898 et
2757 833 3012 898 ibidem
3061 854 3112 897 c.

720 938 805 1004 21
828 985 847 1017 ,
910 938 953 1004 2
1014 936 1093 1004 ἂν
1154 938 1533 1024 particulam
1596 958 1760 1024 quae
1817 939 2050 1004 vitiosa
2111 939 2328 1004 aberat
2380 941 2446 1004 in
2496 939 2706 1006 verbis
2747 937 2932 1017 μέγα
2982 939 3114 1018 γὰρ

720 1039 789 1118 ἦν
836 1043 913 1110 ἂν
960 1045 1222 1124 ὦγαθόν.
1290 1043 1489 1112 Recte
1534 1063 1784 1130 quoque
1827 1045 1898 1108 in
1943 1041 2166 1110 eodem
2211 1043 2378 1110 libro
2425 1065 2478 1110 c.
2528 1044 2650 1120 24,
2701 1044 2745 1109 2
2791 1042 2830 1110 δ’
2865 1068 2934 1110 τε
2979 1045 3110 1124 γὰρ

720 1149 926 1232 Νέρων
970 1149 1041 1215 τὸ
1087 1158 1319 1231 πρῶτον
1340 1198 1539 1217 .....
1589 1152 1693 1216 καὶ
1753 1151 1782 1215 ὃ
1845 1149 2112 1228 Γάλβας
2177 1151 2249 1216 τό
2309 1175 2382 1214 τε
2442 1157 2668 1231 πρῶτον
2728 1152 2800 1218 τὸ
2862 1152 3110 1216 ἐπικου-

715 1256 873 1338 ρικὸν
918 1257 987 1323 τὸ
1038 1257 1099 1320 ἐν
1146 1257 1449 1340 Παννονία
1495 1266 1571 1340 τῇ
1622 1255 1791 1322 κάτω
1841 1257 1948 1320 καὶ
1997 1256 2066 1321 τὸ
2115 1253 2375 1336 ἕβδομον
2423 1258 2493 1323 τὸ
2540 1259 2600 1324 ἐν
2647 1257 2892 1342 Ἰβηρίᾳ
2935 1253 3112 1322 euvi-

716 1361 920 1440 ταξαν
983 1363 1089 1449 (de
1146 1362 1509 1451 legionibus
1568 1383 1777 1430 sermo
1839 1363 1994 1450 est),
2045 1367 2188 1448 post
2233 1364 2303 1430 τὸ
2351 1360 2612 1442 ἕβδομον
2658 1364 2991 1449 supplevit
3039 1363 3108 1428 τὸ

716 1467 999 1554 δίδυμον,
1060 1469 1231 1555 quod
1284 1469 1522 1536 iniuria
1566 1473 1943 1554 spreverunt
1989 1468 2296 1548 editores,
2341 1491 2492 1536 nam
2537 1469 2861 1557 legionem
2909 1471 3108 1556 septi·

716 1596 925 1653 mam,
975 1576 1057 1641 ab
1102 1578 1485 1661 imperatore
1536 1573 1748 1642 Galba
1790 1577 1860 1640 in
1905 1573 2220 1660 Hispania
2265 1579 2686 1662 conscriptam
2705 1625 2722 1656 ‚
2770 1580 3104 1666 geminam

716 1681 1234 1769 cognominatam
1294 1682 1492 1748 fuisse
1552 1689 1780 1748 notum
1843 1687 1960 1748 est.
2050 1680 2232 1762 Quod
2295 1690 2510 1748 autem
2579 1683 2715 1748 dixi
2790 1687 2958 1750 viam
3027 1683 3108 1748 ad

716 1808 935 1853 veram
995 1786 1335 1855 lectionem
1396 1788 1910 1875 investigandam
1930 1837 1949 1873 ,
1989 1788 2328 1874 ⁸adscripta
2387 1790 2658 1856 lectione
2718 1793 3070 1856 vetustiore
3089 1835 3104 1864 ,

718 1896 1133 1960 correctorem
1168 1893 1491 1959 interdum
1535 1901 1920 1960 monstrasse
1939 1941 1956 1974 ‚
1995 1894 2115 1960 hoc
2149 1915 2398 1980 quoque
2439 1916 2566 1962 uno
2588 1895 2870 1963 alterove
2893 1917 3104 1964 exem-

716 1997 825 2084 plo
874 1999 1201 2066 ostendere
1244 1999 1447 2066 iuvat.
1520 1999 1595 2064 L.
1646 2001 1733 2066 52
1753 2049 1769 2076 ,
1817 2000 1904 2065 34
1923 2047 1940 2080 ,
1988 1999 2031 2066 2
2081 2001 2302 2070 Liviae
2343 2002 2536 2069 verba
2572 2003 2652 2069 ad
2691 2005 3102 2090 Augustum:

718 2103 998 2185 καθάπερ
1061 2105 1187 2185 γὰρ
1240 2105 1299 2170 ἓν
1362 2127 1477 2170 τινι
1524 2114 1637 2182 τῆς
1684 2107 1830 2182 ὃλῆς
1881 2106 2224 2185 οἰκουμένης
2272 2107 2502 2189 θεάτρῳ
2550 2107 2702 2190 ζήσῃ
2744 2111 2816 2174 in
2859 2107 3104 2174 Veneto

720 2210 1060 2276 traduntur
1118 2209 1397 2292 καθάπερ
1442 2213 1570 2292 γαρ
1618 2213 1705 2278 ἑνί
1751 2236 1868 2278 τινι
1913 2237 1972 2278 κ.
1997 2237 2057 2279 τ.
2081 2229 2148 2280 λ.
2219 2213 2490 2280 Addidit
2536 2213 2648 2280 ille
2691 2214 2860 2280 inter
2905 2213 3106 2282 lineas

720 2315 816 2401 ἐν,
878 2315 1157 2396 καθάπερ
1213 2317 1341 2398 γαρ
1400 2318 1462 2382 ἐν
1523 2317 1613 2384 ἑνί
1671 2342 1788 2384 τινι
1809 2368 1828 2404 ,
1889 2319 2055 2404 quod
2121 2321 2190 2384 in
2233 2319 2526 2407 margine
2571 2323 2676 2386 sui
2721 2319 3104 2406 exemplaris

716 2422 1082 2508 invenerat,
1128 2443 1243 2490 nec
1287 2430 1504 2490 tamen
1550 2444 1675 2490 non
1722 2425 2129 2491 inserendum
2177 2425 2286 2491 sed
2332 2429 2399 2491 in
2440 2425 2654 2492 locum
2694 2426 2990 2494 vocabuli
3015 2429 3102 2492 ἑνί

714 2529 1232 2597 substituendum
1282 2551 1415 2597 esse
1459 2529 1883 2598 intellexerat.
1955 2530 2249 2598 Eundem
2295 2533 2366 2599 in
2405 2533 2670 2600 modum
2709 2532 2785 2599 L.
2827 2533 2946 2611 56,
2993 2532 3100 2612 17,

716 2636 757 2703 3
804 2641 887 2718 τῷ
938 2636 1185 2719 Δρούσῳ
1233 2674 1319 2687 --
1367 2637 1617 2703 ἐπειδὰν
1663 2638 1976 2721 ταμιεύσῃ
2024 2636 2278 2717 γνώμην
2327 2642 2502 2718 παρὰ
2548 2648 2664 2705 τῶν
2710 2643 3098 2721 ἐστρατηγη·

716 2742 906 2809 κάτων
966 2744 1266 2809 ποιεῖσθαι
1329 2744 1643 2825 ἐψηφίσθη
1666 2793 1683 2828 ,
1743 2764 1857 2829 pro
1918 2745 2090 2825 παρὰ
2151 2747 2220 2811 in
2284 2746 2574 2834 margine
2633 2746 2776 2826 πρὸς
2847 2746 3100 2833 scripsit

714 2870 865 2915 cum
912 2850 1023 2930 πρὸ
1072 2851 1344 2917 scribere
1391 2850 1735 2916 debuisset.

804 2955 923 3023 Vel
984 2957 1063 3022 ad
1125 2958 1589 3022 minutissimas
1654 2976 1754 3023 res
1816 2956 1886 3021 in
1947 2957 2068 3023 hoc
2125 2961 2670 3043 praestantissimo
2726 2960 2940 3026 codice
2957 3009 2976 3045 ,
3023 2966 3100 3025 ut

714 3062 783 3127 in
846 3060 1131 3127 Mediceo
1192 3072 1248 3127 A
1306 3082 1587 3147 quoque,
1657 3062 1952 3129 animum
2023 3062 2484 3131 advertendum
2549 3086 2683 3131 esse
2728 3068 2949 3151 paucis
2993 3066 3092 3133 de-

716 3168 1097 3233 monstrabo.
1174 3166 1249 3231 L.
1316 3167 1401 3231 45
1421 3215 1438 3244 ‚
1496 3165 1585 3233 28
1604 3216 1625 3251 ,
1689 3168 1731 3231 3
1792 3170 1987 3235 verba
2047 3169 2278 3254 quibus
2338 3168 2558 3241 Cicero
2617 3172 2685 3236 in
2743 3173 3094 3239 Antonium

712 3272 1071 3339 invehitur:
1140 3275 1205 3338 τί
1258 3274 1311 3338 δ’
1373 3270 1466 3340 ὅτι
1528 3276 1638 3350 την
1698 3278 1806 3339 τοῦ
1871 3276 2193 3351 Πομπηίου
2264 3276 2476 3341 οὐσίαν
2540 3276 2720 3355 μόνος
2783 3278 3096 3357 ἀνθρώπων

712 3379 1023 3459 ἀγοράσαι
1086 3379 1428 3459 ἐτόλμησε,
1491 3383 1653 3457 μήτε
1718 3379 1789 3445 τὸ
1857 3382 2078 3446 ἑαυτοῦ
2150 3380 2404 3459 ἀξίωμα
2469 3385 2632 3461 μήτε
2695 3383 2810 3457 τὴν
2875 3383 3096 3449 ἐκείνου

709 3485 959 3561 μνήμην
1015 3485 1349 3562 αἰδεσθείς,
1406 3486 1559 3551 ἀλλ’
1621 3488 1724 3568 ἐφ’
1791 3481 1876 3558 οἶς
1937 3485 2173 3560 παντες
2233 3486 2322 3553 ἔτι
2389 3488 2494 3553 καὶ
2555 3488 2698 3553 τότε
2747 3489 3095 3568 ἑθρηνοῢμεν

709 3594 920 3655 ταῦτα
960 3588 1100 3668 μεθ’
1144 3590 1349 3666 ἡδονῆς
1390 3589 1683 3669 ἁρπάσας
1702 3612 1721 3671 ;
1765 3592 2002 3659 vitium
2045 3592 2214 3659 alere
2255 3614 2440 3659 nemo
2481 3601 2730 3680 praeter
2751 3594 3091 3663 Reiskium

707 3696 911 3780 vidit,
968 3698 1081 3781 qui
1142 3696 1557 3782 probabiliter
1620 3698 1728 3779 ἐφ’
1791 3692 1874 3770 οἷς
1941 3698 2174 3771 πάντες
2229 3697 2316 3764 ἔτι
2367 3700 2472 3764 καὶ
2523 3705 2626 3765 νῦν
2671 3703 2747 3772 ὦς
2797 3699 2916 3765 καὶ.
2951 3699 3093 3766 τότε

707 3802 999 3869 coniecit.
1067 3800 1329 3868 Reiskio
1390 3824 1579 3868 nemo
1635 3804 2135 3889 obtemperavit,
2204 3805 2314 3871 sed
2373 3805 2512 3890 ipse
2555 3806 2754 3871 codex
2797 3804 3092 3873 lacunam

706 3908 947 3975 indicat
993 3907 1209 3973 addito
1257 3907 1324 3973 in
1373 3908 1665 3995 margine
1712 3908 1898 3996 signo
1951 3919 2057 3983 Cn.

798 4014 873 4080 L.
924 4014 1034 4088 47,
1088 4012 1127 4079 6
1148 4064 1164 4089 ,
1213 4012 1253 4078 3
1301 4014 1369 4079 in
1416 4020 1684 4099 utroque
1733 4015 1945 4081 codice
1992 4014 2234 4103 legitur
2281 4016 2508 4095 ἀμέλει
2555 4020 2641 4097 τῷ
2681 4040 2752 4082 τε
2795 4016 3091 4099 Ἀντωνίῳ

714 4120 819 4186 καὶ
867 4120 895 4182 ὃ
943 4121 1094 4191 θεῖος
1143 4120 1396 4191 Λούκιος
1446 4122 1758 4193 Ἀντώνιος
1810 4130 2050 4202 Καῖσαρ
2103 4122 2210 4188 καί
2257 4124 2342 4205 τῷ
2391 4122 2642 4205 Λεπίδῳ
2691 4124 2797 4188 καὶ
2848 4124 2877 4189 ὅ
2917 4124 3091 4189 ὦδελ-

711 4225 832 4306 φὸς
894 4226 1148 4298 Λούκιος
1214 4230 1463 4299 Παῦλος
1528 4226 1998 4303 ἐπεπολέμωντο
2021 4278 2039 4307 ,
2096 4228 2301 4315 qnod,
2348 4241 2666 4315 expuncto
2712 4230 3092 4297 emblemate

712 4330 1029 4401 Ἀντώνιος
1094 4350 1128 4395 e
1188 4332 1588 4417 praecedenti
1649 4334 1951 4415 Ἀντωνίῳ
2013 4340 2162 4401 nato
2185 4383 2201 4415 ‚
2267 4336 2394 4402 iam
2459 4338 2703 4417 dudum
2750 4338 2877 4403 viri
2925 4337 3089 4405 docti

708 4452 1010 4503 sanarunt
1025 4457 1043 4515 3
1084 4435 1299 4503 locum
1339 4437 1625 4507 laborare
1665 4446 1932 4526 uterque
1969 4441 2166 4507 codex
2205 4442 2428 4509 eodem
2469 4442 2585 4510 illo
2629 4446 2812 4533 signo
2853 4442 3092 4511 ostendi
