3436 5161
1279 399 1554 450 nunus
1599 399 1936 450 sosarnus.
2666 384 2799 454 275

413 587 550 652 que·
593 565 784 632 Jesus
829 571 1078 652 poterat
1123 567 1504 632 nominatim
1553 566 1939 652 praedixisse
1986 566 2191 632 videri
2236 566 2473 632 Matth.
2526 567 2637 634 23.
2688 568 2795 634 35.

503 671 740 738 Verum
789 675 985 738 etiam
1035 675 1104 738 in
1151 673 1634 757 Antiquitatum
1683 673 1997 757 excerptis
2044 671 2283 757 ubique
2320 673 2543 741 odoror
2577 674 2800 742 Judai-

412 799 558 842 eum
622 778 944 844 foetorem.
1020 775 1233 843 Codex
1295 785 1396 842 est
1455 775 1625 856 238,
1676 797 2067 862 quamquam
2116 783 2331 864 ecquis
2378 783 2541 846 serio
2586 781 2799 847 credet

411 884 849 950 Patriarcham
911 887 1148 972 viginti
1207 883 1404 949 libros
1467 885 1564 948 bis
1609 882 1843 970 legisse
1892 889 1955 948 et
2004 883 2431 970 excerpsisse?
2500 885 2626 953 Sed
2672 889 2801 972 pri-

415 1011 594 1056 mum
645 990 956 1075 quaedam
1004 989 1367 1055 delibantur
1413 990 1490 1055 de
1537 992 1689 1054 novi
1736 988 1966 1073 templi
2015 991 2182 1074 quod
2228 989 2516 1060 Herodes
2556 999 2799 1057 exstru-

411 1099 546 1174 xit,
609 1095 970 1161 incredibili
1031 1093 1527 1182 magnificentia.
1625 1093 1868 1160 Deinde
1940 1094 2233 1161 additur:
2286 1093 2485 1167 Οὗτος
2533 1097 2797 1177 Ἡρώδης

415 1202 540 1270 {clv
587 1201 615 1265 ὅ
666 1202 1078 1281 Ἀντιπάτρου
1126 1205 1234 1265 τοῦ
1283 1201 1627 1280 Ἰδουμαίου
1676 1199 1782 1264 καὶ
1835 1209 1944 1273 τῆς
1995 1201 2383 1280 ’Δραβίσσης
2431 1202 2697 1290 (Κύπρος
2745 1203 2799 1270 δ’

413 1307 604 1384 ὄνομα
664 1310 855 1396 αὐτῇ)
920 1315 1110 1392 παῖς,
1176 1307 1283 1389 ἐφ’
1346 1303 1415 1371 οὗ
1476 1307 1580 1370 καὶ
1645 1306 1859 1387 Χριςὸς
1910 1307 1939 1372 ὃ
1988 1305 2113 1379 θεὸς
2165 1311 2332 1385 ἡμῶν
2380 1309 2481 1374 ἐπὶ
2530 1311 2799 1394 σωτηρίᾳ

415 1418 522 1479 τοῦ
587 1414 880 1493 ἡμετέρου
926 1413 1141 1491 γένους
1189 1412 1549 1494 παρθενικῆς
1597 1411 2009 1478 άποτίκτεται
2060 1413 2341 1498 μήτρας,
2389 1415 2527 1480 καθ’
2573 1413 2643 1480 οὗ
2690 1416 2797 1481 καὶ

415 1521 633 1598 μανεὶς
682 1520 944 1601 Ἡρώδης
991 1525 1098 1585 τοῦ
1144 1521 1258 1597 μὲν
1308 1517 1603 1584 δεσπότου
1651 1519 1984 1598 διήμαρτε,
2034 1521 2257 1600 φονεὺς
2306 1521 2369 1586 δὲ
2414 1529 2660 1589 πολλῶν
2700 1549 2799 1600 νη-

415 1629 567 1692 πίων
616 1628 882 1704 γίνεται.
953 1627 1096 1692 Non
1142 1647 1290 1691 sane
1335 1627 1491 1691 haec
1540 1647 1574 1689 e
1619 1624 1895 1711 Josepho
1942 1629 2144 1710 petita
2182 1631 2333 1692 sunt
2370 1634 2436 1692 et
2474 1629 2660 1694 facile
2700 1634 2799 1695 est

411 1753 750 1820 agnoscere
813 1731 982 1798 male
1043 1731 1332 1798 sedulam
1397 1751 1660 1796 manum
1724 1734 1893 1817 eJus,
1962 1733 2073 1817 qui
2136 1732 2604 1800 Bibliothecam
2652 1755 2799 1800 con·

411 1841 772 1920 sarcinavit.
845 1837 1089 1904 Deinde
1153 1840 1520 1922 exsequitur
1583 1839 2081 1924 grammaticus,
2134 1839 2366 1924 quibus
2411 1841 2799 1908 facinoribus

409 1943 698 2011 Herodes
741 1965 1014 2032 regnum
1065 1949 1130 2009 et
1176 1945 1496 2029 paraverit
1544 1949 1610 2008 et
1653 1964 1857 2028 usque
1898 1944 1975 2010 ad
2016 1955 2371 2010 extremum
2414 1949 2589 2013 vitae
2624 1948 2799 2015 diem

411 2053 915 2134 conservaverit,
964 2052 1051 2122 εἰς
1100 2050 1394 2128 ὠμότητα
1443 2047 1507 2113 δὲ
1553 2049 1660 2114 καὶ
1711 2050 2075 2132 μιαιφονίαν
2124 2050 2371 2124 πάντας
2420 2047 2541 2118 ὅσοι
2581 2053 2799 2133 τύραν-

410 2180 495 2221 νοι
567 2156 1033 2236 ὑπερβαλέσθαι
1095 2155 1406 2237 ἱςόρηται,
1473 2160 1592 2222 cet.
1679 2154 1865 2221 Unde
1924 2155 2105 2222 vides
2166 2157 2323 2223 olim
2384 2160 2451 2222 in
2509 2158 2593 2225 iis
2638 2180 2801 2245 quae

315 2318 322 2322 .
413 2266 802 2350 praecedunt
847 2284 970 2330 non
1021 2264 1255 2330 factam
1304 2265 1694 2329 mentionem
1744 2262 1941 2328 fuisse
1987 2263 2065 2329 de
2103 2263 2291 2329 caede
2332 2264 2798 2332 Innocentium.

503 2370 724 2437 Multa
784 2372 1275 2456 interponuntur
1335 2371 1414 2436 de
1474 2375 1653 2456 patre
1712 2371 2050 2454 Antipatro
2111 2375 2175 2435 et
2221 2370 2298 2434 de
2343 2371 2633 2459 maligna
2676 2372 2799 2437 for-

415 2481 606 2553 tuna,
673 2496 950 2560 quacum
1016 2474 1300 2542 Herodes
1362 2478 1430 2540 in
1476 2473 1904 2541 adulescentia
1948 2473 2349 2540 conflictatus
2396 2484 2523 2554 est3
2572 2477 2799 2543 deinde

413 2584 721 2649 transitur
767 2582 848 2649 ad
893 2582 1278 2649 Archelaum
1327 2588 1392 2647 et
1437 2579 1755 2647 Herodem
1804 2580 2109 2666 Antipam
2128 2628 2145 2659 ‚
2197 2602 2469 2667 quorum
2515 2604 2614 2649 res
2663 2585 2797 2650 bre·

412 2689 584 2753 viter
644 2696 1036 2755 enarrantur.
1110 2688 1452 2755 Adduntur
1512 2692 1729 2753 tamen
1790 2706 1953 2771 quae
2005 2690 2141 2773 Jam
2192 2687 2371 2754 vides
2417 2690 2587 2756 unde
2631 2691 2794 2756 sint:

411 2791 583 2868 οὖτος
651 2796 778 2864 ε’ςὶν
839 2796 868 2860 ὃ
929 2796 1032 2861 τὸν
1091 2794 1303 2872 μέγαν
1367 2794 1598 2859 άνελῶν
1655 2793 1932 2869 Ἰωάννην
1997 2792 2099 2857 τὸν
2169 2794 2495 2875 πρόδρομον
2556 2795 2798 2881 δεδιώς,

415 2901 705 2978 Ἰώσηπός
751 2908 948 2985 φησι,
993 2903 1083 2978 μὴ
1132 2902 1201 2967 τὸ
1252 2899 1408 2972 ἔθνος
1455 2902 1646 2965 αὐτοῦ
1695 2900 1992 2981 διας-ἦσῃ·
2042 2900 2288 2971 πάντας
2337 2902 2463 2981 γάρ
2502 2902 2576 2968 δι’
2620 2902 2799 2984 ὑπερ-

412 3008 607 3085 βολὴν
657 3012 877 3089 άρετῆς
925 3006 1202 3074 Ἰωάννου
1250 3008 1459 3085 λόγοις
1507 3003 1767 3073 εἵποντο.
1839 3006 2024 3073 Κατὰ
2071 3012 2281 3072 τοῦτον
2331 3008 2437 3072 καὶ
2486 3007 2556 3072 τὸ
2603 3011 2799 3085 σωτή-

411 3138 530 3197 ριον
576 3115 853 3193 ἐγεγόνει
901 3114 1114 3187 πάθος.

506 3220 812 3306 Sequitur
867 3223 1003 3289 vita
1064 3223 1386 3309 Agrippae
1443 3217 1670 3308 Magni
1732 3226 1797 3285 et
1857 3220 2073 3285 omnia
2133 3239 2280 3284 cum
2328 3219 2601 3306 Josepho
2649 3241 2797 3287 con-

413 3330 671 3405 cinunt,
723 3327 835 3393 sed
882 3327 1051 3394 male
1099 3326 1320 3393 sedula
1359 3346 1590 3393 manus
1621 3324 1907 3390 addidit:
1957 3322 2129 3397 οὗτος
2172 3326 2411 3398 ἐκείνοις
2439 3374 2455 3404 ,
2492 3330 2569 3399 ὡς
2607 3326 2760 3392 ἔοικε
2783 3374 2800 3407 ,
2916 3418 2923 3425 ἢ

411 3432 819 3515 χαριζόμενος
882 3433 987 3497 καὶ
1057 3431 1358 3512 Ἰάκωβον
1417 3434 1519 3497 τὸν
1583 3430 1859 3512 άδελφὸν
1924 3430 2198 3497 Ἰωάννου
2244 3435 2545 3517 μαχαίρᾳ
2590 3435 2799 3498 άνεῖλε

415 3539 522 3605 καὶ
588 3540 691 3604 τὸν
754 3547 1084 3620 κορυφαῖον
1135 3544 1252 3604 τῶν
1317 3540 1606 3617 μαθητῶν
1652 3540 1877 3617 Πέτρον
1924 3538 2325 3619 ἐπεχείρησεν
2355 3592 2368 3615 ,
2422 3540 2472 3603 εἰ
2522 3538 2623 3604 καὶ
2676 3540 2800 3616 διή·

410 3670 646 3725 μαρτεν
667 3693 684 3725 ,
748 3649 1012 3711 ἀνελεῖν.
1086 3644 1158 3710 In
1206 3645 1468 3730 reliquis
1514 3664 1772 3731 prorsus
1817 3643 1983 3709 nihil
2026 3646 2227 3723 inest,
2274 3644 2444 3729 quod
2490 3647 2569 3711 ab
2619 3641 2799 3712 Chri-

411 3754 621 3818 stiano
682 3752 942 3818 homine
999 3752 1200 3836 possis
1261 3752 1570 3836 suspicari
1637 3750 1995 3834 profectum
2056 3770 2225 3829 esse;
2276 3748 2479 3815 veluti
2525 3752 2803 3814 moritur

410 3880 520 3924 rex
581 3878 707 3925 non
771 3856 1324 3936 σκωληκόβρωτος,
1389 3857 1581 3921 sicuti
1643 3861 1743 3921 est
1808 3857 1874 3920 in
1939 3855 2119 3919 Actis
2179 3853 2628 3939 Apostolorum
2694 3853 2797 3919 12.

417 3963 539 4042 18,
599 3964 708 4030 sed
771 3964 1154 4041 άλγήματος
1221 3964 1390 4042 αὐτῷ
1453 3962 1624 4027 κατὰ
1679 3962 1925 4040 γαςέρα
1972 3961 2232 4043 σφοδροῦ
2279 3958 2610 4039 γεγονότος
2658 3968 2801 4045 post

409 4072 691 4155 quinque
736 4070 872 4136 dies
917 4069 1301 4155 exspiravit,
1350 4068 1430 4133 cf.
1477 4066 1696 4153 Antiq.
1756 4066 1857 4132 19.
1912 4065 1975 4131 8.
2026 4068 2088 4132 2.

504 4176 598 4242 De
646 4179 930 4263 Agrippa
975 4175 1226 4241 Minore
1272 4194 1476 4259 pauca
1521 4179 1817 4258 excerpta
1860 4178 2011 4238 sunt
2054 4193 2257 4256 neque
2303 4174 2440 4257 ipse
2483 4171 2797 4257 Josephus

307 4334 321 4345 .
413 4282 624 4347 multa
669 4282 747 4347 de
793 4301 866 4347 eo
911 4281 1123 4347 habet.
1189 4280 1376 4355 Quod
1415 4282 1481 4345 in
1525 4286 1810 4345 extrema
1848 4278 2245 4366 paragrapho
2278 4278 2556 4365 legitur:
2601 4274 2799 4351 Οὗτος

413 4388 538 4453 ἐπὶν
605 4386 1008 4469 Ἀγρίππας,
1075 4385 1180 4469 ἐφ’
1246 4382 1314 4451 οὗ
1371 4386 1398 4450 ὅ
1462 4386 1608 4458 θεῖος
1677 4389 1964 4459 Παῦλος,
2033 4385 2233 4459 Φήςου
2292 4384 2801 4467 συνεδριάζοντος,

413 4492 866 4575 ἐδημηγόρησεν
885 4540 903 4571 ,
951 4494 1108 4558 satis
1154 4491 1366 4578 prodit
1411 4493 1824 4559 recentiorem
1873 4491 2207 4579 originem.
