3436 5161
1283 428 1286 431 -
1377 404 1710 455 nummus.
2599 386 2735 453 223

442 592 496 637 c.
545 569 717 635 XVI.
770 570 1136 637 Videnturne
1179 571 1343 637 vobis
1390 574 1596 636 debere
1633 571 1972 655 philosophi
2017 572 2160 635 haec
2206 576 2401 636 omnia
2446 572 2737 653 vestiqare

349 686 405 741 et
451 678 752 763 inquirere
780 689 859 742 ,εἰ
903 686 1110 743 cuncta
1155 681 1392 762 specula
1430 681 1527 744 vel
1562 681 1686 743 uda
1726 680 1823 743 vel
1854 680 2008 741 cuda
2043 678 2167 743 soli
2190 678 2395 743 videre
2408 677 2444 741 ?
2482 677 2699 743 Immo

345 783 464 846 sobi
507 800 634 847 non
679 784 882 847 videre
901 783 932 831 ?

441 1014 497 1059 c.
559 993 782 1059 XVII.
853 995 941 1059 De
994 1001 1198 1078 patria
1256 1018 1383 1061 mea
1442 1018 1574 1061 uero
1596 1046 1613 1081 ‚
1673 998 1835 1081 quod
1891 1018 2017 1060 eam
2076 996 2253 1061 sitam
2304 996 2631 1062 Numidiae
2674 1006 2735 1061 et

358 1100 672 1164 Gaetuliae
717 1102 786 1163 in
830 1101 956 1183 ipso
1001 1106 1256 1166 confinio
1301 1104 1444 1167 meis
1489 1104 1733 1185 scriptis
1776 1102 2009 1167 ostendi
2053 1102 2233 1179 dicis,
2286 1104 2497 1189 quibus
2530 1108 2733 1168 memet

348 1208 654 1292 professus
714 1228 838 1269 sum
917 1244 990 1257 -—
1043 1209 1492 1272 Seminumidam
1539 1216 1595 1272 et
1641 1209 2085 1289 Semiqaetulam
2104 1232 2125 1274 .·
2172 1230 2292 1272 non
2338 1210 2505 1273 video
2524 1256 2540 1288 ,
2588 1208 2741 1295 quid

355 1312 501 1373 mihi
542 1318 622 1375 sit
668 1313 734 1375 in
774 1334 846 1375 ea
891 1336 958 1377 re
995 1314 1334 1397 pudendum
1352 1364 1370 1396 ,
1417 1316 1582 1377 baud
1625 1314 1819 1377 minus
1862 1336 2035 1399 quam
2086 1314 2241 1399 Cyro
2286 1315 2531 1393 maiori,
2579 1313 2739 1401 quod

345 1438 564 1497 qenere
625 1424 803 1484 mixto
849 1420 998 1503 fuit
1057 1420 1414 1485 Semimedus
1473 1432 1530 1486 et
1574 1421 1918 1504 Semipersa.
1988 1420 2246 1506 Repone
2262 1447 2284 1487 .-
2326 1422 2495 1486 haud
2535 1437 2735 1489 MAGIS

283 1592 288 1596 ,
351 1545 526 1609 quam
582 1522 736 1607 Cyro
780 1526 1015 1595 maiori.
2416 1518 2421 1524 ³

445 1756 500 1800 c.
565 1736 894 1804 XXXIII.
946 1739 1062 1803 Sed
1090 1742 1382 1823 profiteor
1429 1762 1518 1805 me
1563 1762 1845 1826 quaerere
1890 1748 1947 1805 et
1991 1748 2183 1806 cetera
2201 1790 2220 1826 ,
2264 1763 2382 1806 non
2420 1742 2737 1827 piscatori-

355 1842 466 1905 bus
522 1845 690 1908 modo
706 1893 725 1928 ‚
785 1866 984 1909 oerum
1030 1850 1204 1909 etiam
1250 1846 1456 1909 amicis
1503 1847 1646 1911 meis
1691 1852 1921 1929 neqotio
1964 1848 2105 1911 dato
2121 1898 2139 1933 ,
2190 1847 2522 1933 quicunque
2544 1848 2741 1913 minus

354 1951 574 2029 coquiti
624 1951 863 2031 yeneris
910 1951 1101 2035 piscis
1162 1952 1479 2029 inciderit,
1541 1963 1612 2015 ut
1673 1953 1803 2016 eius
1862 1954 2011 2016 mihi
2056 1964 2161 2017 aut
2193 1954 2457 2039 formam
2504 1976 2739 2021 comme-

355 2063 582 2119 morent
628 2064 736 2120 aut
779 2057 970 2140 ipsum
1017 2058 1207 2121 vivum
1228 2105 1245 2137 ‚
1293 2060 1350 2122 si
1395 2060 1466 2122 id
1507 2059 1878 2144 nequierint,
1928 2060 2026 2123 vel
2068 2046 2357 2123 mortuum
2404 2063 2734 2127 ostendant.

357 2159 508 2227 Veri
554 2168 654 2228 est
699 2162 914 2228 simile
955 2162 1304 2248 Apuleium
1343 2170 1607 2229 naturae
1642 2166 1919 2249 piscium
1966 2166 2313 2231 noscendae
2338 2167 2697 2233 studiosum
2715 2216 2735 2253 ,

358 2266 664 2333 maluisse
725 2271 864 2353 ipsa
927 2269 1200 2354 piscium
1264 2268 1370 2336 vel
1432 2270 1580 2336 viva
1637 2269 1743 2336 vel
1790 2276 2039 2335 mortua
2089 2290 2350 2356 corpora
2394 2274 2703 2358 inspicere
2719 2318 2735 2351 ,

359 2392 552 2457 quam
601 2374 837 2439 formas
889 2376 968 2441 ab
1021 2376 1246 2441 amicis
1298 2376 1839 2454 „commemoratas”
1882 2396 2277 2464 cognoscere.
2340 2376 2547 2444 Verba
2592 2384 2743 2443 sunt

361 2486 579 2546 autem
629 2481 1123 2566 transponenda:
1166 2483 1372 2545 amicis
1417 2482 1561 2547 meis
1605 2483 1837 2564 neqotio
1882 2484 2021 2547 dato
2041 2529 2058 2560 ,
2107 2490 2176 2547 ut
2220 2483 2368 2547 mihi
2405 2491 2512 2548 aut
2548 2483 2740 2567 ipsum

357 2591 554 2655 vivum
617 2592 717 2655 vel
773 2595 1062 2655 mortuum
1125 2592 1464 2667 ostendant,
1535 2600 1679 2669 aut,
1742 2595 1799 2653 si
1858 2590 1930 2653 id
1988 2589 2330 2675 nequierint
2343 2639 2361 2675 ,
2418 2590 2549 2656 eius
2594 2585 2743 2656 mihi

344 2696 611 2783 formam
655 2704 1104 2764 commemorent.

449 2931 501 2974 c.
553 2909 877 2976 XXXXI.
928 2908 1175 2975 Similis
1217 2929 1392 2974 error
1437 2909 1656 2974 turbat
1699 2907 2003 2974 ultimam
2053 2911 2301 2994 partem
2349 2910 2577 2993 capitis
2632 2907 2739 2972 41.

357 3016 714 3082 Accusatur
776 3014 1088 3100 Apuleius
1143 3017 1412 3102 magicis
1472 3015 1717 3080 artibus
1734 3063 1750 3093 ‚
1808 3035 2049 3080 veneno
2098 3015 2379 3100 piscibus
2425 3019 2707 3080 extracto
2727 3061 2743 3090 ‚

358 3121 698 3188 mulierem
749 3121 1122 3187 delenivisse
1169 3143 1233 3185 eo
1279 3121 1348 3184 in
1393 3128 1675 3204 tempore,
1720 3143 1831 3205 quo
1868 3143 1957 3184 me
1992 3141 2111 3184 nou
2151 3120 2446 3200 neqabunt
2481 3120 2549 3182 in
2593 3121 2743 3184 Gae-

359 3229 552 3292 tuliae
612 3228 1059 3292 mediterraneis
1119 3228 1408 3292 montibus
1458 3227 1664 3314 fuisse
1679 3273 1695 3304 ‚
1760 3227 1864 3289 ubi
1922 3227 2118 3310 pisces
2179 3248 2287 3309 per
2362 3225 2745 3290 Deucalionis

358 3335 594 3398 diluvia
651 3341 1032 3417 reperiantur
1047 3358 1068 3400 .·
1121 3334 1280 3420 quod
1337 3355 1436 3414 eqo
1492 3337 1769 3416 qratulor
1836 3333 2061 3398 nescire
2125 3337 2271 3397 istos
2288 3381 2306 3416 ,
2378 3333 2589 3414 leqisse
2655 3353 2749 3396 me

365 3440 750 3524 Theophrasti
793 3463 1018 3526 quoque
1064 3437 1240 3520 περὶ
1288 3439 1644 3504 Bauer-civ
1695 3437 1831 3502 xa)
1880 3438 2292 3514 βλητικῶν
2342 3449 2399 3502 et
2446 3438 2747 3502 Nicandri

361 3547 392 3610 θ
411 3570 446 3619 n
464 3569 528 3625 ρι
550 3570 594 3609 οι
613 3544 728 3610 καὶ.
779 3553 1030 3610 ceterum
1075 3567 1165 3609 me
1209 3546 1386 3609 etiam
1432 3543 1705 3624 veneficii
1732 3543 2142 3627 postularent,
2184 3551 2252 3607 ut
2292 3543 2397 3630 qui
2438 3545 2544 3608 hoc
2577 3564 2745 3624 neyo-
2848 3549 2855 3557 '

360 3653 509 3716 tium
572 3675 644 3717 ea·
712 3652 962 3717 lectione
1022 3659 1078 3716 et
1140 3655 1530 3716 aemulatione
1589 3649 1903 3714 Aristoteli
1944 3658 2157 3712 nactus
2202 3649 2333 3715 sim.
2406 3651 2636 3734 Aptius
2684 3653 2747 3714 et

358 3757 748 3824 luculentius
804 3758 982 3824 locus
1043 3759 1133 3822 sic
1192 3757 1477 3844 legetur:
1545 3778 1608 3820 eo
1673 3755 1738 3819 in
1788 3766 2067 3837 tempore,
2116 3777 2227 3840 quo
2273 3778 2361 3819 me
2404 3778 2523 3820 non
2567 3777 2747 3836 neqa·

360 3865 507 3927 bunt
569 3865 636 3928 in
705 3864 1020 3928 Gaetuliae
1079 3862 1530 3927 mediterraneis
1589 3863 1882 3926 montibus
1909 3860 2124 3945 fuisse
2140 3909 2158 3945 ,
2208 3861 2311 3924 ubi
2346 3862 2544 3945 pisces
2576 3876 2743 3942 pom·

363 3970 755 4038 Deucalionis
815 3970 1052 4036 diluvia
1111 3985 1234 4034 Non
1295 3966 1694 4052 reperiantur.
1796 3969 2055 4048 Ceterum
2125 3982 2185 4030 ΒΙ
2246 3983 2508 4032 ΒΟΙΒΒΜ·
2528 4015 2545 4040 ,
2590 3965 2751 4050 quod

361 4099 460 4158 eqo
515 4079 794 4161 qratulor
853 4078 1078 4141 nescire
1137 4075 1281 4139 istos
1303 4121 1320 4152 ‚
1384 4075 1592 4156 leqisse
1659 4095 1748 4137 me
1824 4073 2209 4156 Theophrasti
2277 4093 2501 4157 quoque
2568 4096 2615 4135 π
2632 4097 2663 4136 ε
2677 4071 2743 4151 p>

361 4182 726 4249 δακετῶν
777 4182 909 4247 καὶ
958 4183 1377 4260 βλητικῶν
1419 4188 1476 4245 et
1505 4179 1811 4244 Nicandri
1846 4179 2228 4259 θηριακά,
2267 4179 2746 4243 meetiamveue-

345 4291 486 4370 ficii
545 4313 709 4354 reum
759 4289 1171 4372 postularent,
1235 4297 1304 4350 ut
1365 4292 1469 4371 qui
1527 4287 1635 4350 hoc
1695 4285 1989 4367 neqotium
2036 4308 2109 4349 ea·
2152 4285 2401 4348 lectione
2446 4291 2501 4348 et
2546 4307 2746 4349 aemu-

363 4395 586 4460 latione
648 4396 961 4471 Aristoteli
1017 4401 1230 4458 nactus
1283 4399 1412 4456 sim.
1499 4391 1553 4458 I.
1602 4413 1656 4457 e.
1720 4394 1830 4476 qui
1896 4411 2001 4456 me
2070 4392 2323 4478 magiae
2386 4390 2747 4475 postulant,

370 4501 538 4586 quod
599 4498 1010 4566 Aristotelem
1075 4500 1368 4564 imitatus
1425 4499 1700 4584 piscium
1762 4502 2057 4562 naturam
2118 4499 2429 4562 curiosius
2481 4496 2749 4562 scrutari
