3436 5161
641 395 773 459 200
1669 413 1993 461 nonnus.

639 577 1222 665 monosyllaborum
1281 577 1542 645 elisione
1561 625 1578 657 ‚
1629 577 1802 645 locos
1850 577 2083 663 quibus
2130 578 2285 644 haec
2332 579 2691 644 observatio
2736 577 3033 664 prodesse

638 683 894 750 videtur
939 705 1017 749 ex
1065 684 1282 750 ordine
1329 686 1682 752 recensebo.

728 789 950 856 Primo
999 789 1145 857 illos
1188 810 1409 857 versus
1455 789 1770 875 proferam
1792 839 1811 874 ,
1860 809 2018 875 quos
2064 790 2324 875 quidem
2364 790 2831 855 observaverim
2852 837 2873 872 ,
2912 788 3053 854 ubi·

635 913 1069 963 Aoousa'nvus
1125 895 1494 962 inserendus
1557 917 1690 962 esse
1752 897 2030 962 videtur.
2118 896 2261 961 Non
2324 895 2550 962 dubito
2612 896 2767 980 quin
2828 893 3029 959 multi

635 1021 744 1067 me
781 1005 1091 1090 fug-erint;
1142 1000 1500 1088 complures
1541 1009 1759 1068 antem
1782 1050 1798 1081 ,
1848 1001 1925 1068 de
1972 1003 2205 1088 quibus
2242 1023 2467 1088 anceps
2509 1001 2845 1068 videbatur
2890 1020 3031 1066 esse

636 1107 946 1174 iudicium
966 1156 983 1186 ,
1035 1110 1238 1174 sciens
1283 1110 1681 1194 praetermisi
1699 1130 1718 1187 ;
1770 1107 2039 1193 deniqne
2075 1109 2269 1194 probe
2308 1106 2471 1173 mihi
2514 1110 2802 1174 conscius
2838 1127 2983 1172 sum
3004 1155 3025 1190 ,

639 1215 810 1280 haud
847 1235 1050 1300 pauca
1095 1236 1202 1280 me
1249 1212 1648 1300 prolaturum
1695 1235 1831 1280 esse
1878 1235 2039 1300 quae
2086 1215 2329 1280 dudum
2380 1216 2713 1280 observata
2748 1215 2989 1280 fuerint
3008 1259 3026 1292 ,

635 1321 746 1386 sed
784 1323 850 1385 in
891 1321 1262 1386 huiusmodi
1302 1320 1731 1406 disputatione
1768 1321 1955 1386 vitari
2004 1321 2071 1386 id
2118 1341 2321 1406 neque
2358 1327 2567 1406 potest
2588 1340 2793 1404 neque
2814 1319 3025 1385 debet.

637 1425 977 1513 Plerosque
1037 1432 1252 1492 autem
1301 1425 1472 1492 locos
1517 1430 1770 1492 nonnisi
1812 1427 2089 1492 breviter
2126 1427 2453 1504 indicabo,
2496 1447 2575 1492 ne
2613 1426 2769 1491 haec
2809 1425 3025 1510 dispu-

633 1536 892 1601 tationis
929 1554 1076 1620 pars
1121 1533 1294 1600 ultra
1337 1535 1582 1599 iustum
1631 1533 1897 1598 modum
1946 1539 2283 1600 excrescat.

725 1649 784 1705 A
831 1639 920 1704 24
965 1660 1092 1726 sq.:
1143 1639 1292 1704 ἀλλ’
1335 1641 1442 1704 οὐκ
1493 1639 1777 1720 ’Λτρεΐδμ
1828 1639 2261 1717 Ἀγαμέμνονι
2310 1639 2559 1705 εοὲνδανε
2610 1641 2813 1719 θυμῷ,

1147 1747 1324 1810 ἄλλα
1373 1753 1572 1818 κακῶς
1623 1747 1795 1828 <r’>
1846 1745 2045 1824 ἀφίει.
2098 1783 2184 1796 —-
2230 1745 2393 1812 Item
2442 1767 2541 1812 vs.
2594 1743 2747 1811 379.

731 1862 782 1916 A
837 1849 1003 1916 113:
1055 1850 1158 1916 καὶ
1206 1850 1334 1932 γάρ
1381 1876 1439 1917 τε
1485 1853 2039 1932 Κλυταιμνήστρης
2080 1851 2482 1932 προβέβουλα
2520 1850 2723 1937 (Libri
2745 1849 2873 1932 γάρ
2896 1852 3021 1935 ῥα).

726 1966 781 2022 A
833 1955 1000 2025 195:
1049 1957 1160 2034 πρὸ
1209 1958 1334 2037 γὰρ
1383 1952 1488 2031 ἧκε
1538 1959 1648 2024 θεὰ
1695 1957 2065 2032 λευκώλενος
2110 1961 2285 2040 Ἥρη.
2351 1958 2723 2046 Legendum
2764 1957 3023 2023 videtur

1133 2061 1248 2144 πρὸ
1310 2062 1374 2128 δέ
1431 2065 1476 2129 r*
1537 2061 1678 2141 ἧκε,
1743 2071 1818 2129 ut
1860 2066 2081 2150 paucis
2127 2065 2413 2131 versibus
2456 2067 2847 2150 interpositis
2896 2065 3019 2152 (vs.

1137 2167 1295 2254 208)
1343 2169 1456 2248 πρὸ
1501 2170 1565 2235 δέ
1613 2169 1686 2248 μ’
1737 2167 1841 2246 ἧκε
1889 2172 1999 2236 θεὰ
2044 2171 2410 2244 λευκώλενος
2456 2167 2633 2252 Ἥρη.

724 2287 784 2341 Λ
830 2273 999 2340 299:
1049 2275 1188 2340 ἐπεί
1230 2277 1303 2352 μ’
1348 2274 1660 2358 ἀφέλεσθέ
1711 2300 1791 2354 γε
1842 2275 2064 2350 δόντες.
2134 2277 2263 2343 Pro
2309 2275 2549 2343 insulso
2587 2301 2665 2353 γε
2706 2277 3019 2342 sententia

1049 2465 1052 2470 ,
1129 2404 1189 2446 σε
1235 2383 1519 2466 requirit.
1577 2407 1582 2414 ’

718 2499 778 2553 Λ
825 2485 990 2553 406:
1047 2489 1150 2553 τὸν
1213 2489 1315 2554 καὶ
1387 2486 1749 2554 exarsurus«
1810 2487 2091 2571 μάκαρες
2148 2488 2261 2554 θεοὶ
2311 2489 2445 2556 οὐδέ
2488 2489 2552 2554 τ’
2598 2487 2847 2566 ἔδησαν.
2916 2489 3016 2556 Ne

1129 2596 1325 2662 verba
1383 2600 1520 2663 sine
1579 2616 1767 2663 sensu
1828 2603 2017 2685 poeta
2077 2596 2409 2683 loquatur,
2468 2598 2873 2663 scribendum
2921 2602 3019 2664 est

1131 2701 1265 2769 οὐδέ
1301 2704 1346 2767 ν’
1387 2701 1644 2779 ἔδησανε
1681 2705 1841 2767 hunc
1876 2703 2267 2791 (Briareum)
2304 2704 2399 2768 dii
2438 2704 2800 2782 timuerunt,
2836 2727 3017 2791 neque

1125 2808 1314 2890 ἐρίων
1361 2832 1490 2873 eum
1537 2808 1809 2893 (Iovem)
1856 2816 1923 2873 in
1976 2811 2221 2875 vincula
2266 2816 2655 2877 coniecerunt.

1129 3022 1368 3107 aberit,
1415 3027 1480 3087 et
1526 3021 1731 3087 defuit
1777 3022 1935 3087 olim
1984 3028 2145 3089 teste
2190 3022 2569 3101 Eustathi03
2612 3043 2819 3089 nonne
2865 3023 2929 3091 δέ
2969 3024 3015 3089 r'

1129 3138 1226 3194 est
1271 3125 1721 3195 scribendum?

719 3244 766 3300 Γ
818 3232 984 3301 385:
1034 3234 1192 3314 χειρὶ
1241 3235 1305 3302 δὲ
1353 3234 1673 3315 νεκταρέου
1723 3240 1925 3300 νεανοῦ
1978 3236 2151 3319 <ι·’>
2200 3234 2444 3311 ἐτίναξε
2492 3236 2811 3314 λαβοῦσα.

631 3340 1024 3407 Simillimus
1078 3348 1176 3405 est
1220 3360 1442 3406 versus
1489 3350 1544 3406 Π
1595 3338 1636 3403 9
1653 3389 1670 3419 ,
1726 3346 1791 3406 et
1836 3343 1957 3405 sim
1965 3339 2243 3407 illimem
2295 3342 2718 3429 corruptelam
2762 3362 3015 3429 perpes-

627 3468 735 3512 sus
783 3450 910 3511 est:

900 3556 1128 3617 νειανοῦ
1173 3550 1492 3629 ἁπτομένη
1514 3601 1531 3631 ,
1583 3552 1692 3617 καί
1736 3558 1795 3617 τ’
1845 3553 2181 3630 ἐσσυμένην
2228 3556 2569 3636 κατερύκει.
2616 3554 3015 3622 scribamus:

903 3656 1220 3734 οὶπτομένη
1269 3656 1474 3723 νεάνοῦ
1495 3705 1511 3737 ,
1561 3661 1672 3724 καί
1720 3658 1895 3744 <r'>
1943 3658 2275 3737 ἐσσυμένην
2324 3660 2665 3741 κατερύκει.

724 3774 778 3830 Δ
879 3763 995 3829 12:
1051 3764 1154 3829 καὶ
1205 3768 1306 3829 νῦν
1353 3762 1528 3840 <r’>
1578 3763 1917 3841 ἐξεσάωσεν
1964 3763 2226 3841 διόμενον
2274 3765 2607 3832 θανέεσθαι.

725 3880 779 3936 Δ
831 3870 998 3936 315:
1049 3868 1227 3934 ἄλλα
1274 3894 1344 3934 σε
1391 3876 1589 3949 γῆρας
1637 3870 1816 3951 τείρει
1866 3873 2113 3937 ὄλοίιον·
2162 3873 2238 3944 ὥς
2286 3870 2513 3955 ὄφελέν
2560 3897 2657 3945 τις

1048 3976 1271 4055 ἀνδρῶν
1318 3974 1512 4049 ἄλλος
1563 3974 1732 4057 ἔχειν
1756 4026 1771 4054 ,
1822 3978 1898 4042 σὺ
1950 3978 2013 4042 δὲ
2062 3978 2446 4059 κουροτέροισι
2493 3987 2797 4057 μετεῖναι.

633 4082 824 4148 Deest
885 4084 1224 4148 obiectum.
1310 4082 1600 4148 Fortasse
1658 4085 1867 4170 igitur
1924 4085 2001 4156 ὡς
2062 4082 2287 4165 ὄφελεν
2334 4084 2403 4149 τὸ
2448 4106 2601 4152 vera
2646 4092 2743 4151 est
2784 4084 3014 4165 lecti03

632 4188 836 4254 lenior
883 4196 1096 4254 tamen
1142 4186 1394 4255 medela
1438 4188 1517 4253 ad
1561 4210 1823 4255 manum
1870 4194 1999 4255 est:
2048 4187 2123 4264 ὥς
2170 4194 2345 4265 <ν’>
2386 4190 2614 4272 ὄφελέν
2654 4215 2771 4264 τις.
2814 4192 3017 4257 Accu-

633 4298 914 4359 sativum
963 4298 1135 4359 enim
1182 4318 1239 4359 rs
1288 4296 1484 4361 etiam
1535 4294 1615 4360 ad
1661 4294 1971 4361 vocabula
2015 4299 2228 4362 neutri
2266 4300 2517 4385 generis
2554 4298 2773 4363 referri
2796 4318 2977 4383 posse
2994 4344 3013 4375 ,

635 4400 784 4466 inde
853 4406 992 4466 tute
1051 4400 1328 4467 effeceris
1385 4401 1555 4488 quod
1616 4424 1723 4479 μιν
1780 4404 1933 4468 satis
1978 4402 2338 4491 frequenter
2379 4423 2453 4469 eo
2498 4424 2685 4475 sensu
2730 4406 3011 4493 positum
