3436 5161
1489 345 1807 395 nonanus.
2715 327 2841 391 221

1032 626 1069 710 ξ
1119 623 1181 690 3.
1254 623 1349 690 De
1395 625 1592 692 dativi
1638 627 1969 710 simularie
2003 627 2247 714 sor-mis.

546 821 720 903 Quae
783 822 861 888 de
922 823 1274 888 formarum
1343 847 1484 909 μοι,
1556 845 1643 888 σοι
1695 821 1800 890 vel
1845 848 1977 909 τοι,
2024 847 2098 889 rot
2150 823 2409 890 elisione
2456 824 2845 892 observanda

455 933 666 1006 erant,
730 934 960 995 cuncta
1019 931 1084 994 in
1157 931 1193 1014 ξ
1249 929 1280 994 1
1349 935 1498 995 sunt
1561 935 1897 1017 occupata;
1948 929 2105 996 illuc
2152 932 2357 1019 igitur
2403 929 2602 998 lector
2662 931 2846 998 bene·

454 1036 640 1103 volus
689 1034 1023 1124 ableg-atus
1069 1043 1218 1102 esto.
2756 1023 2763 1028 ’

545 1142 847 1230 Superest
894 1143 1265 1231 ‘rogandum
1333 1145 1441 1228 qui
1490 1141 1599 1209 fiat
1647 1147 1721 1206 ut
1768 1141 2076 1208 secundae
2122 1163 2423 1228 personae
2471 1143 2727 1209 dativus
2775 1145 2843 1208 in

455 1249 852 1328 Homericis,
903 1252 955 1314 si
1003 1249 1274 1315 addatur
1321 1255 1614 1314 accentus
1636 1296 1652 1328 ,
1701 1252 1786 1314 sit
1828 1250 1922 1313 σοι’
1941 1297 1956 1327 ,
2008 1252 2107 1314 sin
2155 1249 2445 1314 enclitice
2490 1249 2844 1334 proferatur

455 1377 492 1422 a
536 1356 722 1422 litera
761 1380 799 1419 τ
839 1357 1138 1440 incipiat:
1181 1379 1294 1421 τοι.
1366 1356 1546 1437 Quod
1588 1376 1842 1441 prorsus
1887 1377 2034 1422 sane
2074 1355 2369 1422 mirabile
2408 1362 2502 1421 est
2543 1361 2607 1421 et
2644 1356 2843 1442 expli·

457 1483 584 1529 cari
634 1483 814 1548 posse
859 1483 1059 1550 nego,
1107 1483 1309 1548 neque
1356 1462 1605 1527 credere
1639 1482 1909 1549 *possum
1960 1469 2203 1528 veteres
2245 1475 2459 1547 poetas
2498 1482 2714 1528 revera
2751 1465 2846 1527 ita

452 1569 697 1635 locutos
760 1570 971 1634 fuisse.
1048 1567 1172 1634 Vix
1236 1574 1452 1634 tamen
1497 1589 1686 1634 sanae
1735 1571 1969 1634 mentis
2017 1568 2179 1633 mihi
2229 1568 2552 1634 videretur
2598 1568 2653 1632 si
2702 1569 2845 1653 quis

453 1675 642 1743 hodie
688 1673 961 1740 alterum
1015 1681 1231 1740 utrum
1283 1685 1534 1740 mutare
1582 1674 1813 1767 vellet,
1864 1695 2065 1760 neque
2112 1675 2404 1760 equidem
2452 1676 2581 1740 scio
2629 1679 2841 1740 utram

454 1782 766 1865 formam,
830 1783 885 1846 si
949 1781 1204 1847 daretur
1263 1783 1472 1863 optio,
1537 1784 1602 1845 in
1668 1781 1952 1847 Homero
2000 1781 2470 1866 praeferendam
2522 1782 2839 1866 ducerem.

456 1888 750 1968 Praestat
796 1890 1033 1975 igitur,
1083 1887 1246 1951 hanc
1301 1888 1737 1970 quaestionem
1786 1889 2093 1953 intactam
2142 1887 2517 1973 relinquere.

545 1993 761 2060 Tertia
808 1994 1012 2059 forma
1046 1995 1250 2058 dativi
1289 1996 1356 2058 in
1394 1994 1666 2060 secunda
1701 1995 1965 2080 persona
2003 1995 2204 2061 semel
2245 2008 2310 2060 et
2350 1997 2587 2060 iterum
2627 2015 2843 2060 occur·

451 2103 576 2184 rit,
623 2121 850 2185 nempe
897 2099 1058 2184 τεΐν,
1102 2109 1164 2165 Λ
1215 2099 1383 2178 201,
1436 2098 1470 2164 δ
1517 2099 1688 2185 619,
1738 2099 1906 2178 829,
1960 2115 1999 2165 λ
2053 2100 2222 2180 560,
2271 2124 2298 2165 o
2351 2101 2514 2186 119,
2562 2103 2720 2166 item
2771 2103 2840 2164 in

453 2205 724 2272 oraculis
783 2206 948 2290 apud
1010 2205 1404 2273 Herodotum
1475 2207 1536 2271 V
1588 2205 1674 2270 60
1724 2229 1840 2292 sq.‚
1887 2229 2004 2272 nec
2052 2228 2321 2293 usquam
2372 2206 2547 2272 alibi.
2622 2204 2840 2290 Suspi-

453 2315 581 2379 cari
648 2318 862 2377 tamen
923 2311 1075 2378 licet
1130 2313 1236 2378 hic.
1281 2313 1417 2379 illic
1464 2319 1786 2379 vetustam
1834 2313 1997 2379 hanc
2046 2335 2266 2380 vocem
2313 2313 2527 2380 locum
2579 2315 2837 2378 cessisse

452 2420 786 2484 recentiori
830 2419 1070 2485 formae
1119 2442 1228 2483 σοι.
1299 2418 1596 2504 Exempli
1641 2421 1853 2507 gratia
1899 2420 1947 2496 β
2002 2418 2128 2484 126
2178 2417 2503 2505 aliquanto
2550 2417 2837 2483 modula-

452 2527 576 2592 tior
637 2522 816 2592 fieret
876 2545 1095 2592 versus
1154 2527 1208 2591 si
1267 2545 1380 2611 pro
1447 2527 1648 2605 αὐτὰρ
1716 2525 1805 2591 σοὶ
1869 2524 2191 2615 legeretur
2234 2526 2413 2590 ἀλλὰ
2461 2523 2627 2610 ‘refu
2673 2527 2834 2590 item

451 2646 494 2697 λ
557 2630 690 2698 252
754 2651 866 2717 pro
921 2632 1040 2710 ἐγώ
1090 2632 1185 2699 τοί
1229 2634 1355 2709 εἰμι
1401 2633 1733 2698 Nauokius
1780 2635 2136 2717 suspicatur
2183 2632 2303 2710 ἐγὼ
2352 2632 2479 2697 τεῒν
2525 2632 2649 2709 εἶμι
2702 2652 2836 2698 esse

450 2738 829 2827 legendum;
872 2760 987 2805 nec
1025 2760 1148 2804 non
1191 2754 1230 2804 λ
1259 2736 1386 2805 371
1431 2734 1494 2803 οἵ
1521 2762 1608 2804 τοι
1653 2736 1770 2816 ἅμ’
1811 2740 1978 2820 αὐτῷ
2020 2738 2031 2823 Ι
2068 2740 2270 2806 'Flam
2313 2740 2397 2811 εἷς
2439 2736 2556 2818 ἅμ’
2582 2737 2793 2803 ἕποντο
2817 2784 2833 2817 ,

451 2847 518 2911 in
584 2845 814 2930 quibus
875 2845 1142 2911 ridicule
1203 2848 1472 2912 iteratur
1533 2842 1712 2923 ἅμα,
1782 2848 2065 2932 suspicor
2126 2844 2252 2912 τεῒν
2319 2866 2453 2911 esse
2500 2848 2836 2912 restituen-

454 2951 648 3017 dum:
712 2943 765 3016 οἳ
827 2950 952 3017 τεῒν
1016 2954 1183 3033 αὐτῷ
1237 2952 1438 3019 Platon
1503 2953 1586 3023 εἷς
1643 2950 1762 3031 ἅμ’
1811 2950 2039 3017 ἕποντο.
2112 2951 2233 3017 Sed
2280 2955 2476 3018 etiam
2524 2949 2651 3017 alia
2696 2971 2838 3036 pos-

453 3069 602 3123 sunt
665 3060 899 3135 conici‚
963 3060 1178 3143 itaque
1246 3058 1406 3123 hanc
1470 3079 1718 3144 quoque
1780 3061 2211 3145 quaestionem
2276 3062 2498 3144 utpote
2542 3059 2838 3123 incertio-

455 3184 591 3229 rem
631 3166 894 3231 missam
937 3163 1265 3228 faciamus,
1317 3165 1504 3250 Apud
1545 3164 1896 3230 Pindarum
1924 3166 2173 3231 brevior
2198 3168 2543 3251 (contracta
2558 3162 2611 3244 ?)
2634 3164 2839 3231 forma

454 3292 548 3335 τιν
593 3270 904 3355 reperitur
948 3267 1316 3355 aliquoties,
1366 3292 1420 3337 e.
1469 3292 1536 3359 g.
1586 3269 1845 3357 Olymp.
1894 3270 1989 3336 XI
2040 3269 2205 3350 114,
2254 3270 2381 3337 XII
2428 3272 2505 3350 4,
2556 3278 2673 3339 etc.

1378 3485 1919 3570 (Continuabitur.)
