3436 5161
669 333 801 402 300
1734 355 1975 406 mono.

667 520 846 585 hibet
905 523 1073 586 enim
1134 520 1336 588 levior
1396 521 1512 587 ille
1569 509 1865 586 iunctura
1926 545 2039 607 que
2100 524 2537 606 (numerumque
2608 538 2719 605 pro
2791 523 3055 602 „postea

665 635 880 692 autem
948 628 1384 711 numerum”),
1433 649 1593 714 quae
1639 638 1857 695 contra
1904 630 2237 714 aptissima
2284 633 2418 711 eet,
2468 629 2523 692 si
2570 627 2691 690 hoc
2736 627 3049 709 exiguum

667 734 1030 797 membrum
1101 735 1399 800 adhaeret
1466 736 1932 819 superioribus,
1996 735 2222 800 deinde
2285 755 2459 819 quam
2522 753 2667 797 cum
2732 729 3053 815 plerisque

667 837 1051 904 editionibus
1089 842 1429 905 omittitur.
1460 877 1542 892 ·-
1569 839 1791 906 Unum
1830 842 2025 916 adde,
2067 840 2410 927 legendum
2451 839 2656 903 videri
2694 836 3053 917 Ramnixm,

665 964 787 1008 non
837 945 1335 1022 Rhamnensium3
1385 947 1616 1011 diserte
1659 949 1829 1011 enim
1875 947 1959 1011 du
2002 945 2167 1010 Rieu
2196 953 2465 1010 testatur
2488 943 2751 1009 alteram
2780 961 3043 1006 manum

665 1052 1004 1114 correxisse
1053 1052 1388 1114 Rhamnum
1435 1054 1612 1137 (sic),
1661 1051 2063 1118 Detlefsenus
2103 1051 2257 1135 quid
2299 1052 2614 1114 invenerit
2651 1068 2775 1112 non
2816 1047 3051 1111 diserte

665 1155 854 1220 refert
917 1155 1256 1232 Halmius,
1323 1157 1540 1222 Maius
1601 1157 1870 1223 alteram
1945 1177 2208 1222 manum
2276 1158 2617 1220 correxisse
2685 1151 3051 1216 Rhamnium

664 1260 844 1326 dicit.
908 1261 1168 1327 Brevior
1207 1263 1410 1328 forma
1450 1271 1546 1328 est
1587 1264 1757 1348 apud
1798 1263 2141 1329 Varronem
2180 1261 2563 1347 aliquotiens
2584 1307 2600 1336 ,
2644 1261 2840 1340 item,
2879 1257 3051 1342 quod

663 1369 873 1431 maius
933 1375 1332 1432 momentum
1395 1369 1621 1444 habet,
1687 1370 1855 1454 apud
1922 1375 2176 1454 poetas,
2237 1371 2345 1452 qui
2415 1364 2723 1431 vocabulo
2764 1366 2865 1428 uei
2896 1369 3049 1427 sunt

669 1471 881 1557 (Prop.
921 1471 1036 1538 IV.
1067 1473 1122 1538 1.
1157 1475 1232 1538 ὅ]
1263 1521 1279 1548 ,
1331 1473 1485 1540 Hor.
1515 1474 1646 1540 ΑΡ.
1675 1474 1807 1540 342
1830 1522 1845 1552 ,
1894 1473 2011 1540 Ov.
2038 1473 2106 1539 F.
2138 1472 2246 1538 111.
2280 1471 2458 1554 131).
2510 1471 2707 1536 Varro
2730 1469 2833 1554 (L.
2860 1468 2934 1533 L.
2960 1467 3051 1532 V.

669 1577 790 1661 55,
853 1576 976 1656 89,
1041 1579 1154 1664 91)
1214 1584 1588 1667 genetivum
1654 1582 1846 1647 habet
1907 1584 1973 1646 in
2032 1583 2155 1644 ium
2203 1587 2267 1646 et
2313 1583 2447 1644 sine
2494 1578 2919 1663 adspiratione
2966 1574 3051 1640 R.

664 1683 732 1748 H
793 1685 1048 1749 videtur
1108 1706 1146 1751 a
1189 1685 1464 1752 librariis
1511 1689 2047 1774 graecissantibus
2095 1687 2331 1752 addita.
2404 1685 2567 1751 'Pam
2620 1685 2808 1748 Tities
2852 1703 3047 1768 quam

669 1789 960 1854 Pitienaees
1005 1799 1338 1876 poetarum
1383 1792 1538 1858 locis
1583 1801 1827 1858 tutum.

759 1999 868 2066 43.
943 2006 1011 2084 η(
1021 2002 1218 2090 Regia
1277 2005 1480 2070 forma
1533 2005 1843 2092 civitatis)
1890 2007 2083 2071 unius
2132 2006 2289 2072 vitio
2336 2005 2750 2090 praecipitata
2794 2003 2863 2066 in
2908 2021 3049 2086 per·

665 2110 1157 2174 niciosissimem
1193 2121 1430 2194 partem
1478 2110 1787 2176 facillime
1834 2111 2120 2176 decidit”.

755 2215 1166 2303 Legendum:
1235 2219 1344 2294 „in
1397 2218 2000 2301 perniciosissimam
2060 2215 2339 2300 peetem”.
2429 2213 2594 2281 Utor
2642 2214 3051 2280 annotatione

667 2309 968 2387 Muelleri
1032 2321 1110 2386 ad
1175 2321 1261 2385 44
1331 2322 1711 2406 (proepera):
1782 2341 1863 2400 »Β
1923 2343 2036 2408 pro
2098 2343 2140 2388 A
2194 2325 2506 2407 scriptum
2554 2323 2623 2386 in
2671 2320 2809 2386 cod.
2858 2318 2908 2384 1.
2963 2317 3047 2383 16

664 2426 1058 2510 hermeniam,
1120 2425 1170 2491 I.
1233 2427 1322 2492 24
1382 2428 1710 2505 deiecernt,
1776 2428 1825 2493 I.
1894 2427 1978 2493 67
2028 2430 2323 2506 evadunt,
2370 2427 2419 2492 I.
2472 2425 2557 2492 68
2606 2431 2845 2516 repitent
2860 2471 2877 2502 ,
2928 2421 3045 2488 III.

669 2533 754 2598 14
813 2535 1147 2618 nominent,
1205 2555 1246 2601 A
1309 2554 1420 2620 pro
1483 2553 1522 2601 ιι
1584 2537 1839 2620 saepius
1898 2534 2158 2601 etiam”.
2239 2533 2443 2601 Paulo
2504 2539 2651 2601 ante
2711 2551 2837 2598 non
2889 2537 3049 2618 puto

661 2660 889 2705 senum
907 2660 924 2718 ;
979 2642 1317 2725 „quamvis
1364 2678 1447 2688 —
1495 2642 1583 2705 sit
1629 2640 1887 2725 aliquod
1930 2644 2124 2706 etism
2166 2640 2387 2726 populi
2424 2644 2563 2725 ius,
2607 2646 2683 2705 ut
2719 2639 2846 2704 fuit
2886 2638 3055 2721 apud

659 2752 890 2811 nostros
949 2769 1144 2829 reyes,
1206 2753 1420 2812 temen
1482 2746 1646 2811 illud
1716 2746 1975 2813 excellit
2021 2750 2272 2834 regium
2320 2745 2611 2813 nomen”.
2680 2745 2823 2812 Non
2871 2745 3048 2809 enim

662 2852 1002 2919 dicendum
1052 2860 1186 2918 erat
1233 2853 1469 2919 iudicio
1508 2858 1573 2918 et
1614 2860 1912 2918 concessu
1952 2873 2181 2940 regum
2224 2854 2440 2938 (apud)
2463 2852 2707 2937 aliquid
2732 2849 3045 2937 populum

661 2960 974 3045 potuisse,
1039 2959 1148 3025 sed
1210 2979 1433 3046 regum
1499 2961 1759 3023 omnino
1823 2966 1997 3024 aetas
2058 2957 2493 3047 significatur-3
2542 2958 2902 3025 emendatio
2946 2958 3047 3020 in-

661 3069 834 3130 certa
884 3066 1125 3151 („apud
1171 3073 1417 3130 nostros
1460 3064 1754 3130 maiore?
1808 3072 1921 3131 aut
1962 3069 2219 3149 patr-ee).
2270 3065 2401 3132 Nec
2440 3072 2610 3131 recte
2650 3064 2821 3130 dicta
2858 3066 3007 3127 sunt
3024 3083 3045 3126 ε

669 3190 858 3248 „nam
907 3172 1117 3256 ipsum
1167 3170 1382 3258 regale
1427 3191 1629 3258 genus
1677 3172 1960 3237 civitatis
2006 3190 2131 3237 non
2176 3171 2370 3237 modo
2413 3190 2537 3237 non
2583 3178 2679 3236 est
2719 3168 3049 3255 repreben-

664 3276 942 3341 dendum
969 3326 984 3353 ‚
1028 3276 1137 3342 sed
1184 3277 1356 3342 baud
1403 3279 1534 3342 scio
1581 3298 1660 3343 an
1699 3276 1966 3362 reliquis
1998 3266 2402 3363 simplicibus
2442 3276 2635 3365 longe
2671 3282 3050 3362 anteponen-

663 3382 850 3459 dum,
912 3383 968 3445 ei
1029 3384 1220 3446 ullum
1267 3388 1582 3467 probarem
1643 3382 1893 3465 simplex·
1938 3388 2031 3447 rei
2064 3384 2341 3467 publ-'eae
2378 3381 2623 3467 qenue”.
2692 3384 2827 3449 Aut
2874 3382 3045 3447 enim

664 3486 1043 3552 dicendum:
1095 3488 1310 3565 „baud
1356 3490 1484 3553 scio
1531 3508 1611 3553 an
1655 3495 2067 3571 anteponerem
2089 3538 2105 3563 ,
2158 3490 2212 3554 si
2260 3487 2472 3554 ullum
2521 3486 2893 3573 probarem”
2933 3493 3049 3553 aut

668 3593 1210 3680 „anteponendem
1267 3596 1322 3658 si
1383 3593 1590 3660 ullum
1636 3594 2065 3678 probandum”.
2153 3592 2287 3661 Nec
2336 3601 2546 3661 tamen
2592 3594 2795 3660 babeo
2814 3640 2833 3679 ,
2881 3594 3049 3679 quod

663 3699 852 3785 plane
896 3701 1263 3767 satisfaciat.

756 3912 858 3979 42.
937 3912 1105 3991 „Sed
1171 3913 1336 3998 quod
1398 3914 1725 3998 proprium
1785 3918 1867 3977 eit
1920 3914 1989 3978 in
2037 3918 2251 3979 nostra
2298 3911 2625 3999 republica
2642 3962 2659 3989 ,
2711 3932 2837 3999 quo
2882 3912 3051 3979 nihil

663 4021 862 4105 possit
905 4039 1040 4084 esse
1085 4017 1464 4103 praeclarius
1482 4064 1498 4096 ,
1547 4018 1614 4082 id
1661 4038 2026 4103 persequar,
2076 4020 2131 4084 si
2176 4024 2395 4104 potero
2420 4066 2438 4099 ‚
2484 4018 2837 4085 subtilius”.

755 4138 874 4189 1:8¹1·
919 4123 1256 4208 aliquoties
1302 4128 1444 4208 post
1487 4122 1734 4189 vocales
1780 4130 2145 4189 truncatum
2191 4126 2260 4189 in
2306 4140 2383 4191 8⁹1·
2417 4126 2745 4189 invenitur
2777 4126 2844 4189 in
2883 4123 3047 4190 libro

665 4228 937 4295 secundo
999 4235 1063 4295 et
1123 4230 1529 4314 sequentibus
1590 4227 1670 4295 11.
1741 4228 1848 4308 37,
1917 4230 2043 4309 50,
2100 4229 2221 4309 53,
2274 4229 2397 4308 54,
2449 4228 2534 4295 59
2560 4232 2692 4308 bis,
2744 4229 2872 4309 60,
2924 4230 3047 4315 61,

667 4333 788 4411 63,
843 4334 967 4413 66,
1007 4334 1120 4399 ΙῙῙ.
1176 4334 1294 4415 12,
1347 4333 1452 4418 1¹7,
1501 4332 1626 4413 41,
1672 4334 1747 4400 V.
1802 4334 1867 4413 ¹7,
1918 4336 1997 4402 cf.
2046 4337 2135 4401 du
2179 4336 2344 4401 Rieu
2392 4336 2473 4402 ad
2516 4334 2599 4402 II.
2649 4336 2774 4414 54,
2822 4356 2886 4423 p.
2936 4334 3047 4402 47.

666 4440 889 4506 Primo
948 4439 1112 4506 libro
1171 4441 1356 4527 plene
1415 4458 1534 4507 ner
1595 4442 1897 4507 scribitur
1956 4449 2397 4528 praeterquam
2470 4440 2557 4507 53
2574 4488 2593 4521 ,
2664 4442 2781 4507 ubi
2850 4440 3050 4508 altera
