3436 5161
648 294 785 362 342
1622 310 1886 363 osssms
1928 310 2057 361 me.

651 477 891 542 mirum
938 478 1071 541 ism
1118 496 1241 541 non
1292 474 1534 565 accidet
1578 476 1774 542 verbs
1817 474 2045 541 Dionis
2093 474 2414 541 interdum
2441 493 2480 539 e.
2499 471 2763 539 librario
2787 472 2882 535 its
2907 488 3039 536 esse

654 588 906 665 mutata
950 587 1025 647 ut
1071 588 1183 647 aut
1224 582 1427 658 idem,
1476 580 1645 666 quod
1683 586 1868 647 antes.
1885 632 1902 666 ‚
1942 579 2051 647 sed
2074 582 2290 645 minus
2312 578 2636 666 eleganter
2653 627 2670 653 ‚
2696 582 2810 642 aut
2827 626 2845 660 ,
2871 574 3042 659 quod

653 685 827 755 h'uud
882 708 1024 754 raro
1078 687 1323 771 *factum
1389 692 1519 765 est,
1562 686 1770 772 ·plsne
1830 686 2008 752 uliud
2055 686 2208 772 quid
2256 686 2607 752 enuntient.
2681 682 2865 763 Quod
2911 700 3040 748 uno

651 795 929 862 alterove
984 793 1277 880 exemplo
1340 795 1601 879 probare
1661 796 1862 859 iuvat.
1937 790 2102 863 Cum
2154 791 2230 857 de
2277 790 2496 859 Caelio
2513 838 2531 869 ,
2581 796 2732 857 noto
2779 787 3037 856 Cicero-

655 902 757 967 nis
814 902 1021 967 amieo
1078 899 1200 965 Dio
1261 899 1385 979 42,
1444 898 1569 985 22,
1635 899 1668 963 1
1735 899 2032 965 dixisset:
2099 899 2126 962 ὃ
2174 897 2237 963 δὲ
2285 897 2354 971 δὴ
2405 896 2654 969 Καίλιος
2705 896 2733 960 ὃ
2783 894 3040 973 Μάρκος

656 1006 761 1071 καὶ
821 1008 1111 1072 ἀπώλετο
1155 1007 1479 1085 τολμήσας
1525 1005 1611 1071 τὰ
1658 1005 1792 1084 περὶ
1843 1010 1960 1071 τῶν
2006 1003 2434 1081 δανεισμάτων
2475 1002 2598 1069 ὑπό
2643 1005 2750 1067 τοῦ
2799 998 3040 1065 Καίσα-

652 1135 747 1194 ρος
810 1112 1116 1193 ὁρισθέντα
1167 1152 1230 1161 -
1281 1117 1469 1177 λῦσαι
1529 1112 1634 1177 καὶ
1699 1112 1805 1178 διὰ
1863 1115 2042 1177 τοῦτο
2107 1110 2213 1175 καὶ
2277 1112 2388 1186 την
2450 1108 2685 1187 Ῥώμην
2757 1105 2862 1173 καὶ
2928 1106 3040 1179 τὴν

659 1221 1045 1298 Καμπανίαν
1106 1218 1495 1300 ὶκταράξας,
1558 1224 1625 1285 et
1681 1218 2032 1286 addidisset
2087 1214 2259 1288 οὗτος
2329 1216 2455 1297 γὰρ
2525 1213 2830 1307 ἔπραξε
2888 1211 3043 1289 ’μὲν

660 1327 810 1393 ἀνὰ
858 1325 1211 1407 πρώτους
1251 1326 1349 1391 τὰ
1392 1330 1527 1390 τοῦ
1570 1325 1978 1405 Καίσαρος
2017 1324 2104 1389 διὸ
2143 1326 2247 1391 καὶ
2277 1322 2625 1404 στρατηγὸς
2652 1317 3038 1398 ἀπεδείχθη,
3159 1314 3164 1317 ’

657 1453 769 1518 pro
830 1431 967 1510 his,
1032 1451 1195 1516 quae
1256 1433 1318 1497 ei
1362 1436 1577 1517 aperte
1622 1451 1774 1496 oum
1821 1431 2250 1516 superioribus
2297 1448 2584 1518 pugnare
2631 1427 3030 1501 viderentur,

656 1536 997 1605 substituit
1058 1534 1229 1609 οὗτος
1291 1537 1416 1619 γὰρ
1473 1535 1937 1616 οἱντέπραξε
1987 1542 2290 1616 πρῶτος
2339 1543 2508 1607 τοῖς
2554 1539 2691 1601 τοῦ
2741 1533 3044 1599 Kaio-a·

658 1668 777 1725 ρος
798 1693 817 1729 ,
880 1643 1118 1710 oblitus
1165 1644 1327 1708 hune
1372 1662 1555 1710 suam
1602 1638 1854 1712 bellum
1889 1642 2398 1710 emendationem
2447 1643 2858 1727 sequentibus
2908 1644 3040 1705 sta·

660 1751 783 1813 tim
842 1749 1163 1836 redargui.
1246 1748 1341 1813 De
1402 1749 1746 1815 honoribus
1809 1751 2176 1833 imperatori
2233 1746 2504 1819 Claudio
2549 1768 2628 1814 ex
2675 1746 3046 1813 Britannice

660 1854 1060 1940 expeditione
1118 1854 1335 1920 reduci
1395 1875 1433 1919 a
1484 1860 1707 1920 senatu
1755 1855 2023 1921 decretis
2069 1854 2192 1920 Dio
2236 1856 2330 1921 its
2377 1853 2568 1920 refert
2617 1853 2704 1919 60
2723 1900 2742 1930 ,
2791 1851 2914 1937 22,
2968 1852 3043 1917 1:

660 1961 1005 2041 πανήγυρίν
1063 1983 1135 2025 τε
1194 1960 1444 2035 ἐτησίαν
1492 1960 1596 2025 καὶ
1644 1961 1962 2039 ἁψῖδας
2012 1960 2658 2041 τροπαιοφόρους
2705 1960 2848 2033 την
2895 1956 3042 2034 μὲν

663 2067 738 2131 ἐν
784 2076 877 2149 τῇ
928 2066 1163 2132 πόλει
1202 2068 1343 2141 την
1384 2065 1461 2131 δὲ
1502 2067 1579 2131 ἐν
1626 2077 1717 2148 τῇ
1763 2067 2148 2150 Γαλατίᾳ
2181 2104 2246 2115 --
2281 2064 2571 2143 γενέσθαι
2613 2064 3045 2146 ἐψηφίσαντο,

662 2172 831 2256 quod
892 2171 1249 2259 elegantius
1303 2172 1415 2239 ille
1460 2175 1527 2237 in
1577 2173 1748 2238 huno
1797 2172 2060 2239 modum
2109 2174 2462 2257 exprimere
2508 2172 2633 2238 sibi
2679 2173 2862 2237 visus
2907 2176 3042 2237 est:

665 2276 800 2341 καὶ
866 2278 1134 2356 ἁψῖδα
1198 2278 1788 2359 τροπαιοφόρον
1843 2279 1917 2343 ἐν
1977 2289 2072 2361 τῇ
2134 2279 2370 2343 πόλει
2433 2278 2568 2343 καὶ
2635 2278 2922 2358 ἑτέραν
2971 2278 3049 2341 ἐν

664 2393 755 2458 τῆ
828 2383 1212 2463 Γαλατίᾳ
1252 2423 1366 2453 ,-
1438 2384 1725 2463 γενέσθαι
1796 2385 2212 2465 ἐψηφίσαντο.
2282 2386 2356 2453 L.
2423 2384 2549 2469 50,
2616 2382 2700 2450 35
2766 2383 3048 2471 legimus

664 2487 995 2557 Octaviani
1031 2487 1275 2563 milites
1312 2496 1516 2557 eastra
1552 2490 1821 2557 Antonii
1853 2490 2134 2557 flammis
2180 2492 2462 2559 ardentis
2497 2493 2770 2557 intrasse
2791 2492 3048 2577 ignem-

664 2617 787 2682 que
832 2599 1237 2684 exstinguere
1275 2603 1528 2666 conatos
1564 2619 1696 2664 esse
1737 2605 1811 2664 ut
1853 2598 2150 2683 praedam
2186 2599 2312 2665 sibi
2333 2603 2658 2666 servarent
2681 2599 2807 2664 κάκ
2830 2595 3046 2662 τούτου

666 2704 879 2782 συχνοὶ
946 2703 1053 2768 καὶ
1116 2702 1353 2769 ἐκείνων
1423 2703 1528 2770 καὶ
1599 2702 1713 2769 ὑπὸ
1783 2713 1894 2778 τῆς
1963 2703 2204 2785 φλογὸς
2269 2703 2374 2768 καὶ
2441 2703 2591 2769 ὑπὸ
2655 2704 3049 2784 ἁρπαγῶν

665 2810 1105 2877 ἀπώλοντο.
1181 2808 1351 2890 Quid
1412 2809 1532 2876 hoo
1591 2811 1850 2876 homine
1909 2812 2102 2878 facias
2163 2812 2275 2895 qui
2337 2829 2449 2895 pro
2518 2810 2621 2876 his
2695 2811 3044 2897 excogitet:

668 2915 803 2980 καὶ
886 2913 1031 2979 ὑπὸ
1111 2921 1261 2980 τῶν
1330 2916 1712 2995 ἁρμάτων
1779 2918 2082 2988 αὐταῖς
2147 2915 2450 2988 τελέως
2519 2915 2756 2982 ναυσὶ
2828 2939 3046 2982 συνα-

668 3023 771 3087 πῶ
790 3037 831 3088 λ
848 3045 875 3086 ο
894 3009 1033 3087 ντο.
2447 3085 2455 3088 .

756 3127 876 3194 Sed
940 3131 1073 3194 ism
1134 3130 1291 3195 satis
1352 3128 1791 3214 exemplorum
1812 3179 1830 3213 ,
1880 3131 2112 3218 quibus
2159 3129 2554 3196 incredibilis
2599 3129 2735 3196 eius
2785 3129 3048 3196 audacia

665 3232 1156 3314 demonstratur.
1226 3233 1559 3300 Interdum
1620 3249 1835 3300 autem
1900 3241 2014 3301 aut
2053 3255 2207 3301 essu
2259 3242 2371 3301 sut
2415 3237 2680 3302 fortasse
2727 3237 2922 3301 etism
2971 3257 3048 3301 ex

666 3340 923 3424 ingenio
970 3341 1143 3425 (nam
1190 3343 1404 3427 graeei
1452 3343 1763 3408 sermonis
1811 3361 1960 3406 eum
2009 3363 2130 3408 non
2179 3344 2480 3429 ignarum
2527 3342 2724 3408 fuisse
2763 3344 3048 3428 apparet)

666 3463 892 3509 verum
954 3465 1101 3510 eum
1165 3445 1401 3512 vidisse
1463 3451 1529 3515 et
1588 3447 1866 3512 inveniri
1913 3449 1979 3510 in
2025 3445 2314 3513 Medieeo
2363 3459 2406 3512 B
2453 3446 2758 3514 lectiones
2803 3446 3048 3532 aliquot

666 3551 859 3616 bonas
878 3595 895 3628 ‚
936 3569 1096 3635 quse
1140 3551 1209 3614 in
1250 3549 1543 3618 Medieeo
1587 3553 1646 3616 A
1692 3557 1760 3617 et
1799 3550 2038 3617 Veneto
2087 3552 2526 3622 desiderantur
2545 3601 2562 3630 ,
2609 3573 2732 3619 non
2761 3559 2857 3618 est
2878 3553 3046 3638 quod

662 3658 993 3722 miremur.
1065 3654 1229 3721 Sunt
1288 3659 1461 3722 enim
1527 3658 1656 3726 fere
1716 3659 1812 3722 ita
1859 3663 2260 3741 eomparatae
2303 3663 2381 3722 ut
2427 3678 2466 3724 a
2508 3661 2736 3743 >quovis
2781 3659 3042 3744 reperiri

662 3768 915 3846 possent
930 3809 947 3840 ‚
994 3782 1155 3828 neve
1192 3762 1311 3834 hoe
1349 3768 1730 3851 argumento
1769 3783 1923 3829 usus
1961 3766 2296 3849 quisquam
2321 3763 2660 3830 contendat
2683 3785 2832 3830 eum
2857 3785 3037 3851 prse-

663 3872 837 3932 terea
878 3867 1083 3934 ulium
1130 3867 1414 3934 eodieem
1462 3871 1674 3936 neseio
1716 3889 1908 3955 quem
1960 3869 2344 3935 adhibuisse.

758 3971 937 4055 Unde
982 3973 1271 4058 sequitur
1312 3975 1676 4042 Medieeum
1727 3985 1770 4038 B
1791 4025 1810 4059 ‚
1859 3980 2118 4060 excepta
2157 3973 2272 4042 illa
2312 3975 2562 4042 tantula
2599 3980 2780 4062 parte
2799 4025 2818 4060 ,
2853 3996 3046 4062 quam

666 4080 735 4143 in
794 4078 1137 4165 archetypo
1182 4081 1659 4165 pessumdatum
1704 4079 1818 4146 ille
1859 4082 2039 4147 nobis
2087 4083 2367 4147 servavit
2416 4079 2532 4166 (60
2555 4131 2574 4166 ,
2625 4080 2730 4162 17,
2781 4081 3005 4148 8-20
3025 4129 3042 4160 ,

667 4181 711 4248 2
758 4189 822 4248 et
868 4181 988 4269 22,
1038 4183 1263 4252 2-26
1284 4231 1300 4263 ‚
1350 4183 1420 4270 2)
1467 4184 1653 4270 plane
1698 4206 1834 4252 esse
1881 4186 2286 4254 abiciendum
2325 4189 2449 4253 nisi
2490 4188 2656 4273 quod
2696 4190 2895 4254 etiam
2923 4187 3007 4253 52
3027 4235 3044 4266 ‚

672 4285 895 4353 5—20
916 4335 932 4367 ,
990 4302 1149 4374 quae
1196 4287 1523 4356 deficiente
1564 4289 1814 4362 Veneto
1861 4312 1939 4357 ex
1983 4290 2273 4359 Medioeo
2321 4301 2379 4366 A
2427 4293 2680 4378 hausit,
2727 4293 3047 4360 adem-ri·-

668 4395 907 4481 gendes
957 4397 1220 4461 vitiosas
1267 4394 1569 4463 lectiones
1618 4396 1685 4461 in
1733 4396 1932 4462 altero
1981 4397 2258 4464 Medieei
2305 4407 2362 4464 Α
2411 4399 2775 4487 apographo
2793 4447 2809 4477 ‚
2861 4400 3045 4467 Vati-
