<?xml version="1.0" encoding="UTF-8"?>
<!DOCTYPE html PUBLIC "-//W3C//DTD XHTML 1.0 Transitional//EN"
    "http://www.w3.org/TR/xhtml1/DTD/xhtml1-transitional.dtd">
<html xmlns="http://www.w3.org/1999/xhtml" xml:lang="en" lang="en">
 <head>
  <title>
</title>
<meta http-equiv="Content-Type" content="text/html;charset=utf-8" />
  <meta name='ocr-system' content='tesseract 3.04.00' />
  <meta name='ocr-capabilities' content='ocr_page ocr_carea ocr_par ocr_line ocrx_word'/>
</head>
<body>
  <div class='ocr_page' id='page_1' title='image "./mnemosynevolume00verdgoog_0224.png"; bbox 0 0 3436 5161; ppageno 0'>
   <div class='ocr_carea' id='block_1_1' title="bbox 641 278 1995 345">
    <p class='ocr_par' dir='ltr' id='par_1_1' title="bbox 641 278 1995 345">
     <span class='ocr_line' id='line_1_1' title="bbox 641 278 1995 345; baseline -0.002 -1"><span class='ocrx_word' id='word_1_1' title='bbox 641 278 776 345; x_wconf 79' lang='lat'><strong>210</strong></span> <span class='ocrx_word' id='word_1_2' title='bbox 1675 294 1995 344; x_wconf 70' lang='lat' dir='ltr'><strong>sonans.</strong></span> 
     </span>
    </p>
   </div>
   <div class='ocr_carea' id='block_1_2' title="bbox 563 456 3033 1817">
    <p class='ocr_par' dir='ltr' id='par_1_2' title="bbox 639 456 3028 643">
     <span class='ocr_line' id='line_1_2' title="bbox 639 456 3028 546; baseline -0 -20"><span class='ocrx_word' id='word_1_3' title='bbox 639 460 828 526; x_wconf 89' lang='lat' dir='ltr'><strong>modo</strong></span> <span class='ocrx_word' id='word_1_4' title='bbox 891 460 1210 543; x_wconf 86' lang='lat' dir='ltr'><strong>vidimus,</strong></span> <span class='ocrx_word' id='word_1_5' title='bbox 1273 458 1391 523; x_wconf 88' lang='lat' dir='ltr'><strong>illa</strong></span> <span class='ocrx_word' id='word_1_6' title='bbox 1452 458 1744 546; x_wconf 83' lang='lat' dir='ltr'><strong>indigent</strong></span> <span class='ocrx_word' id='word_1_7' title='bbox 1820 462 2014 523; x_wconf 86' lang='lat' dir='ltr'><strong>etiam</strong></span> <span class='ocrx_word' id='word_1_8' title='bbox 2082 458 2451 524; x_wconf 76' lang='lat' dir='ltr'>Telemachi</span> <span class='ocrx_word' id='word_1_9' title='bbox 2517 459 2712 525; x_wconf 81' lang='lat' dir='ltr'><strong>verba</strong></span> <span class='ocrx_word' id='word_1_10' title='bbox 2766 458 2816 535; x_wconf 83' lang='grc' dir='ltr'><strong><em>β</em></strong></span> <span class='ocrx_word' id='word_1_11' title='bbox 2870 456 3028 525; x_wconf 82' lang='lat'><strong>137.</strong></span> 
     </span>
     <span class='ocr_line' id='line_1_3' title="bbox 1140 562 2527 643; baseline -0.001 -15"><span class='ocrx_word' id='word_1_12' title='bbox 1140 562 1213 633; x_wconf 83' lang='grc' dir='ltr'><strong>ὦ..</strong></span> <span class='ocrx_word' id='word_1_13' title='bbox 1259 566 1325 629; x_wconf 84' lang='grc' dir='ltr'><strong>οὐ</strong></span> <span class='ocrx_word' id='word_1_14' title='bbox 1374 570 1584 628; x_wconf 79' lang='grc' dir='ltr'><strong><em>τοῦτον</em></strong></span> <span class='ocrx_word' id='word_1_15' title='bbox 1634 564 1759 641; x_wconf 74' lang='grc' dir='ltr'><strong>ἐγώ</strong></span> <span class='ocrx_word' id='word_1_16' title='bbox 1809 589 1959 628; x_wconf 82' lang='grc' dir='ltr'><strong><em>ποτε</em></strong></span> <span class='ocrx_word' id='word_1_17' title='bbox 2008 568 2193 639; x_wconf 74' lang='grc' dir='ltr'><strong><em>μῦθον</em></strong></span> <span class='ocrx_word' id='word_1_18' title='bbox 2243 566 2527 643; x_wconf 77' lang='grc' dir='ltr'><strong><em>ἐνίψω,</em></strong></span> 
     </span>
    </p>

    <p class='ocr_par' dir='ltr' id='par_1_3' title="bbox 563 670 3033 1393">
     <span class='ocr_line' id='line_1_4' title="bbox 639 670 3028 754; baseline -0.003 -16"><span class='ocrx_word' id='word_1_19' title='bbox 639 678 844 739; x_wconf 86' lang='lat' dir='ltr'><strong>immo</strong></span> <span class='ocrx_word' id='word_1_20' title='bbox 893 673 1204 737; x_wconf 77' lang='grc' dir='ltr'><strong><em>ε’νί.σπ·ω</em></strong></span> <span class='ocrx_word' id='word_1_21' title='bbox 1279 670 1446 734; x_wconf 86' lang='lat' dir='ltr'><strong>Nam</strong></span> <span class='ocrx_word' id='word_1_22' title='bbox 1498 672 1741 754; x_wconf 88' lang='lat' dir='ltr'><strong>optime</strong></span> <span class='ocrx_word' id='word_1_23' title='bbox 1789 672 1856 734; x_wconf 90' lang='lat' dir='ltr'><strong>in</strong></span> <span class='ocrx_word' id='word_1_24' title='bbox 1905 670 2180 735; x_wconf 79' lang='lat' dir='ltr'><strong>Scholiis</strong></span> <span class='ocrx_word' id='word_1_25' title='bbox 2229 671 2308 736; x_wconf 85' lang='lat' dir='ltr'><strong>ad</strong></span> <span class='ocrx_word' id='word_1_26' title='bbox 2354 671 2521 735; x_wconf 91' lang='lat' dir='ltr'><strong>hunc</strong></span> <span class='ocrx_word' id='word_1_27' title='bbox 2560 691 2812 737; x_wconf 82' lang='lat' dir='ltr'><strong>versum</strong></span> <span class='ocrx_word' id='word_1_28' title='bbox 2842 672 3028 748; x_wconf 78' lang='grc' dir='ltr'><strong><em>ἐνίψω</em></strong></span> 
     </span>
     <span class='ocr_line' id='line_1_5' title="bbox 640 774 3033 863; baseline -0.002 -18"><span class='ocrx_word' id='word_1_29' title='bbox 640 778 993 863; x_wconf 81' lang='lat' dir='ltr'><strong>explicatur</strong></span> <span class='ocrx_word' id='word_1_30' title='bbox 1041 800 1150 861; x_wconf 89' lang='lat' dir='ltr'><strong>per</strong></span> <span class='ocrx_word' id='word_1_31' title='bbox 1199 774 1557 850; x_wconf 73' lang='grc' dir='ltr'><strong><em>ἔπη-λήξω,</em></strong></span> <span class='ocrx_word' id='word_1_32' title='bbox 1612 778 1929 853; x_wconf 69' lang='grc' dir='ltr'><strong><em>λοιδορήσω</em></strong></span> <span class='ocrx_word' id='word_1_33' title='bbox 1958 826 1972 852; x_wconf 87' lang='grc'><em>,</em></span> <span class='ocrx_word' id='word_1_34' title='bbox 2028 777 2133 840; x_wconf 89' lang='lat' dir='ltr'><strong>sed</strong></span> <span class='ocrx_word' id='word_1_35' title='bbox 2184 798 2261 840; x_wconf 82' lang='lat' dir='ltr'><strong>ex</strong></span> <span class='ocrx_word' id='word_1_36' title='bbox 2309 776 2447 861; x_wconf 87' lang='lat' dir='ltr'><strong>ipsa</strong></span> <span class='ocrx_word' id='word_1_37' title='bbox 2489 777 2609 841; x_wconf 86' lang='lat' dir='ltr'><strong>hac</strong></span> <span class='ocrx_word' id='word_1_38' title='bbox 2657 779 3033 861; x_wconf 82' lang='lat' dir='ltr'><strong>interpreta—</strong></span> 
     </span>
     <span class='ocr_line' id='line_1_6' title="bbox 641 881 3031 968; baseline -0.001 -19"><span class='ocrx_word' id='word_1_39' title='bbox 641 888 812 949; x_wconf 85' lang='lat' dir='ltr'><strong>tione</strong></span> <span class='ocrx_word' id='word_1_40' title='bbox 876 894 1170 968; x_wconf 85' lang='lat' dir='ltr'><strong>apparet,</strong></span> <span class='ocrx_word' id='word_1_41' title='bbox 1234 884 1500 947; x_wconf 84' lang='lat' dir='ltr'><strong>verbum</strong></span> <span class='ocrx_word' id='word_1_42' title='bbox 1570 881 1735 946; x_wconf 90' lang='lat' dir='ltr'><strong>illud</strong></span> <span class='ocrx_word' id='word_1_43' title='bbox 1800 882 1948 946; x_wconf 90' lang='lat' dir='ltr'><strong>hinc</strong></span> <span class='ocrx_word' id='word_1_44' title='bbox 2019 882 2297 946; x_wconf 88' lang='lat' dir='ltr'><strong>alienum</strong></span> <span class='ocrx_word' id='word_1_45' title='bbox 2372 904 2538 963; x_wconf 83' lang='lat' dir='ltr'><strong>esse3</strong></span> <span class='ocrx_word' id='word_1_46' title='bbox 2611 882 3031 947; x_wconf 75' lang='lat' dir='ltr'><strong>Telemachus</strong></span> 
     </span>
     <span class='ocr_line' id='line_1_7' title="bbox 640 989 3033 1073; baseline -0.003 -17"><span class='ocrx_word' id='word_1_47' title='bbox 640 995 810 1057; x_wconf 90' lang='lat' dir='ltr'><strong>enim</strong></span> <span class='ocrx_word' id='word_1_48' title='bbox 859 990 1024 1055; x_wconf 89' lang='lat' dir='ltr'><strong>nihil</strong></span> <span class='ocrx_word' id='word_1_49' title='bbox 1071 990 1226 1054; x_wconf 87' lang='lat' dir='ltr'><strong>dicit</strong></span> <span class='ocrx_word' id='word_1_50' title='bbox 1273 996 1560 1073; x_wconf 81' lang='lat' dir='ltr'><strong>potestve</strong></span> <span class='ocrx_word' id='word_1_51' title='bbox 1609 989 1815 1053; x_wconf 82' lang='lat' dir='ltr'><strong>dicere</strong></span> <span class='ocrx_word' id='word_1_52' title='bbox 1862 992 2021 1053; x_wconf 88' lang='lat' dir='ltr'><strong>nisi:</strong></span> <span class='ocrx_word' id='word_1_53' title='bbox 2077 991 2200 1051; x_wconf 78' lang='lat' dir='ltr'><strong>tale</strong></span> <span class='ocrx_word' id='word_1_54' title='bbox 2236 995 2423 1069; x_wconf 70' lang='lat' dir='ltr'><strong>iyitnr</strong></span> <span class='ocrx_word' id='word_1_55' title='bbox 2460 994 2693 1053; x_wconf 80' lang='lat' dir='ltr'><strong>verbum</strong></span> <span class='ocrx_word' id='word_1_56' title='bbox 2736 1011 3033 1073; x_wconf 75' lang='lat' dir='ltr'><strong>nunquam</strong></span> 
     </span>
     <span class='ocr_line' id='line_1_8' title="bbox 640 1094 3028 1180; baseline -0.002 -18"><span class='ocrx_word' id='word_1_57' title='bbox 640 1122 768 1162; x_wconf 72' lang='lat' dir='ltr'><strong>sum</strong></span> <span class='ocrx_word' id='word_1_58' title='bbox 799 1098 1245 1180; x_wconf 74' lang='lat' dir='ltr'><em>prolocuturus.</em></span> <span class='ocrx_word' id='word_1_59' title='bbox 1311 1094 1733 1159; x_wconf 85' lang='lat' dir='ltr'><strong>Subiunctivo</strong></span> <span class='ocrx_word' id='word_1_60' title='bbox 1782 1102 2035 1171; x_wconf 82' lang='lat' dir='ltr'><strong>autem,</strong></span> <span class='ocrx_word' id='word_1_61' title='bbox 2086 1116 2273 1177; x_wconf 84' lang='lat' dir='ltr'><strong>quem</strong></span> <span class='ocrx_word' id='word_1_62' title='bbox 2324 1094 2730 1159; x_wconf 83' lang='lat' dir='ltr'><strong>deliberantis</strong></span> <span class='ocrx_word' id='word_1_63' title='bbox 2777 1096 3028 1171; x_wconf 86' lang='lat' dir='ltr'><strong>dicunt,</strong></span> 
     </span>
     <span class='ocr_line' id='line_1_9' title="bbox 640 1198 3029 1287; baseline -0.001 -20"><span class='ocrx_word' id='word_1_64' title='bbox 640 1203 810 1268; x_wconf 90' lang='lat' dir='ltr'><strong>haud</strong></span> <span class='ocrx_word' id='word_1_65' title='bbox 874 1204 1300 1285; x_wconf 68' lang='lat' dir='ltr'><strong>infrequenter</strong></span> <span class='ocrx_word' id='word_1_66' title='bbox 1361 1204 1426 1264; x_wconf 90' lang='lat' dir='ltr'><strong>in</strong></span> <span class='ocrx_word' id='word_1_67' title='bbox 1487 1200 1846 1264; x_wconf 82' lang='lat' dir='ltr'><strong>Homericis</strong></span> <span class='ocrx_word' id='word_1_68' title='bbox 1908 1204 2232 1265; x_wconf 86' lang='lat' dir='ltr'><strong>invenitur</strong></span> <span class='ocrx_word' id='word_1_69' title='bbox 2297 1198 2572 1284; x_wconf 85' lang='lat' dir='ltr'><strong>praefixa</strong></span> <span class='ocrx_word' id='word_1_70' title='bbox 2618 1204 2877 1287; x_wconf 81' lang='lat' dir='ltr'><strong>negatio</strong></span> <span class='ocrx_word' id='word_1_71' title='bbox 2925 1202 3029 1284; x_wconf 65' lang='lat'><strong>003</strong></span> 
     </span>
     <span class='ocr_line' id='line_1_10' title="bbox 563 1307 1942 1393; baseline -0.004 -19"><span class='ocrx_word' id='word_1_72' title='bbox 563 1334 568 1340; x_wconf 91' lang='lat'><strong>·</strong></span> <span class='ocrx_word' id='word_1_73' title='bbox 642 1307 931 1393; x_wconf 84' lang='lat' dir='ltr'><strong>exemplo</strong></span> <span class='ocrx_word' id='word_1_74' title='bbox 980 1312 1107 1372; x_wconf 87' lang='lat' dir='ltr'><strong>sint</strong></span> <span class='ocrx_word' id='word_1_75' title='bbox 1153 1308 1278 1371; x_wconf 91' lang='lat' dir='ltr'><strong>duo</strong></span> <span class='ocrx_word' id='word_1_76' title='bbox 1329 1328 1545 1373; x_wconf 81' lang='lat' dir='ltr'><strong>versus</strong></span> <span class='ocrx_word' id='word_1_77' title='bbox 1587 1308 1942 1371; x_wconf 87' lang='lat' dir='ltr'><strong>notissimi:</strong></span> 
     </span>
    </p>

    <p class='ocr_par' dir='ltr' id='par_1_4' title="bbox 733 1411 2639 1490">
     <span class='ocr_line' id='line_1_11' title="bbox 733 1411 2639 1490; baseline -0.002 -12"><span class='ocrx_word' id='word_1_78' title='bbox 733 1427 788 1479; x_wconf 84' lang='lat' dir='ltr'>A</span> <span class='ocrx_word' id='word_1_79' title='bbox 839 1417 1000 1477; x_wconf 76' lang='lat'>262:</span> <span class='ocrx_word' id='word_1_80' title='bbox 1051 1416 1116 1477; x_wconf 79' lang='grc' dir='ltr'><strong>οὐ</strong></span> <span class='ocrx_word' id='word_1_81' title='bbox 1165 1412 1289 1489; x_wconf 70' lang='grc' dir='ltr'><strong>γάρ</strong></span> <span class='ocrx_word' id='word_1_82' title='bbox 1337 1436 1431 1476; x_wconf 80' lang='grc' dir='ltr'><strong>πω</strong></span> <span class='ocrx_word' id='word_1_83' title='bbox 1482 1414 1670 1480; x_wconf 79' lang='grc' dir='ltr'><em>τοίους</em></span> <span class='ocrx_word' id='word_1_84' title='bbox 1721 1412 1867 1475; x_wconf 65' lang='grc' dir='ltr'><strong><em>είδον</em></strong></span> <span class='ocrx_word' id='word_1_85' title='bbox 1916 1411 2131 1490; x_wconf 76' lang='grc' dir='ltr'><strong><em>οὶνέροις</em></strong></span> <span class='ocrx_word' id='word_1_86' title='bbox 2185 1414 2313 1477; x_wconf 79' lang='grc' dir='ltr'><strong>οὐδὲ</strong></span> <span class='ocrx_word' id='word_1_87' title='bbox 2365 1412 2639 1488; x_wconf 58' lang='lat' dir='ltr'><strong>flavam.</strong></span> 
     </span>
    </p>

    <p class='ocr_par' dir='ltr' id='par_1_5' title="bbox 641 1515 3031 1817">
     <span class='ocr_line' id='line_1_12' title="bbox 733 1515 2728 1596; baseline -0.001 -12"><span class='ocrx_word' id='word_1_88' title='bbox 733 1546 780 1584; x_wconf 77' lang='grc' dir='ltr'><strong>π·</strong></span> <span class='ocrx_word' id='word_1_89' title='bbox 832 1520 1000 1585; x_wconf 82' lang='lat'><strong>437:</strong></span> <span class='ocrx_word' id='word_1_90' title='bbox 1051 1522 1156 1583; x_wconf 79' lang='grc' dir='ltr'><strong>οὐκ</strong></span> <span class='ocrx_word' id='word_1_91' title='bbox 1208 1519 1326 1582; x_wconf 82' lang='grc' dir='ltr'>ἔσθ’</span> <span class='ocrx_word' id='word_1_92' title='bbox 1375 1515 1540 1587; x_wconf 82' lang='grc' dir='ltr'><strong><em>οὗτος</em></strong></span> <span class='ocrx_word' id='word_1_93' title='bbox 1598 1518 1743 1595; x_wconf 66' lang='grc' dir='ltr'><strong><em>ἀνὴρ</em></strong></span> <span class='ocrx_word' id='word_1_94' title='bbox 1793 1518 1915 1581; x_wconf 73' lang='grc' dir='ltr'><strong>οὐδ’</strong></span> <span class='ocrx_word' id='word_1_95' title='bbox 1966 1517 2221 1582; x_wconf 75' lang='grc' dir='ltr'><strong><em>ἔσσεται</em></strong></span> <span class='ocrx_word' id='word_1_96' title='bbox 2270 1521 2403 1583; x_wconf 77' lang='grc' dir='ltr'><strong>οὐδὲ</strong></span> <span class='ocrx_word' id='word_1_97' title='bbox 2450 1520 2728 1596; x_wconf 69' lang='grc' dir='ltr'><strong><em>γένηται.</em></strong></span> 
     </span>
     <span class='ocr_line' id='line_1_13' title="bbox 641 1624 3031 1710; baseline -0.002 -17"><span class='ocrx_word' id='word_1_98' title='bbox 641 1626 738 1693; x_wconf 88' lang='lat' dir='ltr'><strong>De</strong></span> <span class='ocrx_word' id='word_1_99' title='bbox 786 1648 970 1692; x_wconf 85' lang='lat' dir='ltr'><strong>versu</strong></span> <span class='ocrx_word' id='word_1_100' title='bbox 1015 1646 1165 1691; x_wconf 80' lang='lat' dir='ltr'><strong>vero</strong></span> <span class='ocrx_word' id='word_1_101' title='bbox 1212 1640 1251 1687; x_wconf 74' lang='grc' dir='ltr'><strong><em>λ</em></strong></span> <span class='ocrx_word' id='word_1_102' title='bbox 1309 1624 1470 1701; x_wconf 84' lang='grc'><strong>148,</strong></span> <span class='ocrx_word' id='word_1_103' title='bbox 1519 1644 1643 1709; x_wconf 88' lang='lat' dir='ltr'><strong>quo</strong></span> <span class='ocrx_word' id='word_1_104' title='bbox 1695 1644 1822 1687; x_wconf 92' lang='lat' dir='ltr'><strong>uno</strong></span> <span class='ocrx_word' id='word_1_105' title='bbox 1870 1630 2066 1689; x_wconf 86' lang='lat' dir='ltr'><strong>restat</strong></span> <span class='ocrx_word' id='word_1_106' title='bbox 2112 1626 2296 1702; x_wconf 74' lang='grc' dir='ltr'><strong><em>ἐνίψω</em></strong></span> <span class='ocrx_word' id='word_1_107' title='bbox 2338 1646 2523 1691; x_wconf 90' lang='lat' dir='ltr'><strong>sensu</strong></span> <span class='ocrx_word' id='word_1_108' title='bbox 2563 1626 2838 1710; x_wconf 81' lang='lat' dir='ltr'><strong>dicendi,</strong></span> <span class='ocrx_word' id='word_1_109' title='bbox 2876 1626 3031 1710; x_wconf 88' lang='lat' dir='ltr'><strong>quid</strong></span> 
     </span>
     <span class='ocr_line' id='line_1_14' title="bbox 641 1730 1568 1817; baseline -0.009 -16"><span class='ocrx_word' id='word_1_110' title='bbox 641 1742 921 1801; x_wconf 87' lang='lat' dir='ltr'><strong>statuam</strong></span> <span class='ocrx_word' id='word_1_111' title='bbox 969 1749 1197 1817; x_wconf 86' lang='lat' dir='ltr'><strong>anceps</strong></span> <span class='ocrx_word' id='word_1_112' title='bbox 1243 1731 1470 1796; x_wconf 89' lang='lat' dir='ltr'><strong>haereo</strong></span> <span class='ocrx_word' id='word_1_113' title='bbox 1499 1730 1568 1813; x_wconf 88' lang='lat'><strong>¹).</strong></span> 
     </span>
    </p>
   </div>
   <div class='ocr_carea' id='block_1_3' title="bbox 640 1912 3031 2850">
    <p class='ocr_par' dir='ltr' id='par_1_6' title="bbox 735 1912 3031 2002">
     <span class='ocr_line' id='line_1_15' title="bbox 735 1912 3031 2002; baseline -0 -22"><span class='ocrx_word' id='word_1_114' title='bbox 735 1916 1022 1981; x_wconf 82' lang='lat' dir='ltr'><strong>Tertium</strong></span> <span class='ocrx_word' id='word_1_115' title='bbox 1090 1913 1257 1997; x_wconf 91' lang='lat' dir='ltr'><strong>quod</strong></span> <span class='ocrx_word' id='word_1_116' title='bbox 1320 1912 1604 1976; x_wconf 79' lang='lat' dir='ltr'><strong>dicebam</strong></span> <span class='ocrx_word' id='word_1_117' title='bbox 1673 1912 2041 1996; x_wconf 88' lang='lat' dir='ltr'><strong>exemplum</strong></span> <span class='ocrx_word' id='word_1_118' title='bbox 2106 1914 2347 2002; x_wconf 83' lang='lat' dir='ltr'><strong>legitur</strong></span> <span class='ocrx_word' id='word_1_119' title='bbox 2418 1923 2469 1979; x_wconf 91' lang='lat' dir='ltr'>H</span> <span class='ocrx_word' id='word_1_120' title='bbox 2521 1913 2627 1979; x_wconf 86' lang='lat'><strong>64.</strong></span> <span class='ocrx_word' id='word_1_121' title='bbox 2700 1913 2801 1980; x_wconf 90' lang='lat' dir='ltr'><strong>Ibi</strong></span> <span class='ocrx_word' id='word_1_122' title='bbox 2848 1936 3031 1982; x_wconf 83' lang='lat' dir='ltr'><strong>voca-</strong></span> 
     </span>
    </p>

    <p class='ocr_par' dir='ltr' id='par_1_7' title="bbox 644 2020 2933 2202">
     <span class='ocr_line' id='line_1_16' title="bbox 644 2020 2933 2107; baseline -0.002 -18"><span class='ocrx_word' id='word_1_123' title='bbox 644 2022 941 2089; x_wconf 89' lang='lat' dir='ltr'><strong>bulorum</strong></span> <span class='ocrx_word' id='word_1_124' title='bbox 989 2022 1376 2107; x_wconf 86' lang='lat' dir='ltr'><strong>permutatio</strong></span> <span class='ocrx_word' id='word_1_125' title='bbox 1423 2024 1781 2082; x_wconf 86' lang='lat' dir='ltr'><strong>monstrum</strong></span> <span class='ocrx_word' id='word_1_126' title='bbox 1832 2022 2078 2103; x_wconf 89' lang='lat' dir='ltr'><strong>peperit</strong></span> <span class='ocrx_word' id='word_1_127' title='bbox 2108 2020 2282 2084; x_wconf 79' lang='lat' dir='ltr'><strong>alibi</strong></span> <span class='ocrx_word' id='word_1_128' title='bbox 2325 2041 2639 2104; x_wconf 87' lang='lat' dir='ltr'><strong>nusquam</strong></span> <span class='ocrx_word' id='word_1_129' title='bbox 2687 2024 2933 2087; x_wconf 85' lang='lat' dir='ltr'><strong>visum:</strong></span> 
     </span>
     <span class='ocr_line' id='line_1_17' title="bbox 1191 2123 2459 2202; baseline 0.004 -15"><span class='ocrx_word' id='word_1_130' title='bbox 1191 2126 1536 2202; x_wconf 73' lang='grc' dir='ltr'><strong><em>μελάνει</em></strong></span> <span class='ocrx_word' id='word_1_131' title='bbox 1589 2123 1652 2187; x_wconf 79' lang='grc' dir='ltr'><strong>δέ</strong></span> <span class='ocrx_word' id='word_1_132' title='bbox 1701 2148 1771 2186; x_wconf 83' lang='grc' dir='ltr'><strong><em>τε</em></strong></span> <span class='ocrx_word' id='word_1_133' title='bbox 1820 2124 2035 2197; x_wconf 80' lang='grc' dir='ltr'><strong><em>πόντος</em></strong></span> <span class='ocrx_word' id='word_1_134' title='bbox 2087 2126 2191 2190; x_wconf 78' lang='grc' dir='ltr'><strong>ὑπ’</strong></span> <span class='ocrx_word' id='word_1_135' title='bbox 2242 2130 2459 2199; x_wconf 73' lang='grc' dir='ltr'><strong><em>αὐτῆς.</em></strong></span> 
     </span>
    </p>

    <p class='ocr_par' dir='ltr' id='par_1_8' title="bbox 640 2224 3029 2422">
     <span class='ocr_line' id='line_1_18' title="bbox 733 2224 3029 2317; baseline 0 -18"><span class='ocrx_word' id='word_1_136' title='bbox 733 2234 1012 2301; x_wconf 89' lang='lat' dir='ltr'><strong>Verbum</strong></span> <span class='ocrx_word' id='word_1_137' title='bbox 1075 2232 1364 2309; x_wconf 70' lang='grc' dir='ltr'><strong><em>μελαίνειν</em></strong></span> <span class='ocrx_word' id='word_1_138' title='bbox 1425 2229 1678 2294; x_wconf 85' lang='lat' dir='ltr'><strong>nullum</strong></span> <span class='ocrx_word' id='word_1_139' title='bbox 1728 2236 1823 2295; x_wconf 84' lang='lat' dir='ltr'><strong>est</strong></span> <span class='ocrx_word' id='word_1_140' title='bbox 1875 2252 1987 2296; x_wconf 91' lang='lat' dir='ltr'><strong>nec</strong></span> <span class='ocrx_word' id='word_1_141' title='bbox 2036 2253 2171 2298; x_wconf 88' lang='lat' dir='ltr'><strong>esse</strong></span> <span class='ocrx_word' id='word_1_142' title='bbox 2219 2235 2465 2317; x_wconf 84' lang='lat' dir='ltr'><strong>potuit3</strong></span> <span class='ocrx_word' id='word_1_143' title='bbox 2514 2235 2787 2309; x_wconf 74' lang='grc' dir='ltr'><strong><em>μελαίνω</em></strong></span> <span class='ocrx_word' id='word_1_144' title='bbox 2834 2224 3029 2299; x_wconf 83' lang='lat' dir='ltr'><strong>notis-</strong></span> 
     </span>
     <span class='ocr_line' id='line_1_19' title="bbox 640 2341 2354 2422; baseline -0.002 -15"><span class='ocrx_word' id='word_1_145' title='bbox 640 2344 878 2407; x_wconf 86' lang='lat' dir='ltr'><strong>simum</strong></span> <span class='ocrx_word' id='word_1_146' title='bbox 931 2346 1026 2405; x_wconf 86' lang='lat' dir='ltr'><strong>est</strong></span> <span class='ocrx_word' id='word_1_147' title='bbox 1073 2346 1138 2404; x_wconf 88' lang='lat' dir='ltr'><strong>et</strong></span> <span class='ocrx_word' id='word_1_148' title='bbox 1183 2346 1396 2404; x_wconf 79' lang='lat' dir='ltr'><strong>nostro</strong></span> <span class='ocrx_word' id='word_1_149' title='bbox 1445 2357 1691 2421; x_wconf 92' lang='lat' dir='ltr'><strong>quoque</strong></span> <span class='ocrx_word' id='word_1_150' title='bbox 1740 2342 1961 2422; x_wconf 83' lang='lat' dir='ltr'><strong>poetae</strong></span> <span class='ocrx_word' id='word_1_151' title='bbox 2009 2341 2354 2405; x_wconf 87' lang='lat' dir='ltr'><strong>usitatum:</strong></span> 
     </span>
    </p>

    <p class='ocr_par' dir='ltr' id='par_1_9' title="bbox 733 2442 2115 2522">
     <span class='ocr_line' id='line_1_20' title="bbox 733 2442 2115 2522; baseline -0.004 -9"><span class='ocrx_word' id='word_1_152' title='bbox 733 2456 782 2513; x_wconf 90' lang='lat' dir='ltr'>E</span> <span class='ocrx_word' id='word_1_153' title='bbox 835 2446 1000 2511; x_wconf 86' lang='lat'>354:</span> <span class='ocrx_word' id='word_1_154' title='bbox 1053 2446 1513 2522; x_wconf 74' lang='grc' dir='ltr'><strong><em>μελαίνετο</em></strong></span> <span class='ocrx_word' id='word_1_155' title='bbox 1564 2444 1625 2507; x_wconf 80' lang='grc' dir='ltr'><strong>δὲ</strong></span> <span class='ocrx_word' id='word_1_156' title='bbox 1675 2442 1839 2522; x_wconf 79' lang='grc' dir='ltr'><strong><em>χρόαι</em></strong></span> <span class='ocrx_word' id='word_1_157' title='bbox 1888 2444 2115 2519; x_wconf 76' lang='grc' dir='ltr'><strong><em>καλόν,</em></strong></span> 
     </span>
    </p>

    <p class='ocr_par' dir='ltr' id='par_1_10' title="bbox 640 2542 2061 2748">
     <span class='ocr_line' id='line_1_21' title="bbox 735 2542 2061 2636; baseline -0.002 -17"><span class='ocrx_word' id='word_1_158' title='bbox 735 2564 785 2619; x_wconf 91' lang='grc' dir='ltr'>Σ</span> <span class='ocrx_word' id='word_1_159' title='bbox 829 2552 996 2619; x_wconf 84' lang='lat'>548:</span> <span class='ocrx_word' id='word_1_160' title='bbox 1047 2542 1080 2625; x_wconf 71' lang='grc' dir='ltr'>ἢ</span> <span class='ocrx_word' id='word_1_161' title='bbox 1133 2553 1190 2617; x_wconf 76' lang='grc' dir='ltr'><strong>δὲ</strong></span> <span class='ocrx_word' id='word_1_162' title='bbox 1243 2548 1669 2628; x_wconf 72' lang='grc' dir='ltr'><strong><em>μελαίνετ’</em></strong></span> <span class='ocrx_word' id='word_1_163' title='bbox 1720 2547 1959 2614; x_wconf 76' lang='grc' dir='ltr'><strong><em>ὄπισθεν</em></strong></span> <span class='ocrx_word' id='word_1_164' title='bbox 1987 2548 2061 2636; x_wconf 73' lang='lat'><strong>⁹).</strong></span> 
     </span>
     <span class='ocr_line' id='line_1_22' title="bbox 640 2654 1908 2748; baseline -0.005 -22"><span class='ocrx_word' id='word_1_165' title='bbox 640 2661 880 2736; x_wconf 84' lang='lat' dir='ltr'><strong>Quidni</strong></span> <span class='ocrx_word' id='word_1_166' title='bbox 925 2661 1131 2748; x_wconf 79' lang='lat' dir='ltr'><strong>igitur</strong></span> <span class='ocrx_word' id='word_1_167' title='bbox 1175 2665 1391 2724; x_wconf 88' lang='lat' dir='ltr'><strong>nostro</strong></span> <span class='ocrx_word' id='word_1_168' title='bbox 1439 2676 1687 2741; x_wconf 88' lang='lat' dir='ltr'><strong>quoque</strong></span> <span class='ocrx_word' id='word_1_169' title='bbox 1734 2654 1908 2722; x_wconf 92' lang='lat' dir='ltr'><strong>loco:</strong></span> 
     </span>
    </p>

    <p class='ocr_par' dir='ltr' id='par_1_11' title="bbox 910 2763 2217 2850">
     <span class='ocr_line' id='line_1_23' title="bbox 910 2763 2217 2850; baseline -0.002 -20"><span class='ocrx_word' id='word_1_170' title='bbox 910 2766 1127 2837; x_wconf 77' lang='grc' dir='ltr'><strong><em>πόντος</em></strong></span> <span class='ocrx_word' id='word_1_171' title='bbox 1177 2765 1236 2830; x_wconf 79' lang='grc' dir='ltr'><strong>δὲ</strong></span> <span class='ocrx_word' id='word_1_172' title='bbox 1284 2763 1706 2840; x_wconf 72' lang='grc' dir='ltr'><strong><em>μελαίνεθ’</em></strong></span> <span class='ocrx_word' id='word_1_173' title='bbox 1760 2763 1864 2828; x_wconf 74' lang='grc' dir='ltr'><strong>ὑπ’</strong></span> <span class='ocrx_word' id='word_1_174' title='bbox 1915 2765 2111 2839; x_wconf 71' lang='grc' dir='ltr'><strong><em>αὐτῆς</em></strong></span> <span class='ocrx_word' id='word_1_175' title='bbox 2138 2767 2217 2850; x_wconf 78' lang='lat'><strong>³).</strong></span> 
     </span>
    </p>
   </div>
   <div class='ocr_carea' id='block_1_4' title="bbox 639 2931 1027 2943">
    <p class='ocr_par' dir='ltr' id='par_1_12' title="bbox 639 2931 1027 2943">
     <span class='ocr_line' id='line_1_24' title="bbox 639 2931 1027 2943; baseline 0 2218"><span class='ocrx_word' id='word_1_176' title='bbox 639 2931 1027 2943; x_wconf 95' lang='lat' dir='ltr'><strong> </strong></span> 
     </span>
    </p>
   </div>
   <div class='ocr_carea' id='block_1_5' title="bbox 703 3029 3025 3105">
    <p class='ocr_par' dir='ltr' id='par_1_13' title="bbox 703 3029 3025 3105">
     <span class='ocr_line' id='line_1_25' title="bbox 703 3029 3025 3105; baseline 0 -17"><span class='ocrx_word' id='word_1_177' title='bbox 703 3041 758 3104; x_wconf 87' lang='lat'><strong>1)</strong></span> <span class='ocrx_word' id='word_1_178' title='bbox 789 3040 1040 3088; x_wconf 77' lang='lat' dir='ltr'><strong>vetustam</strong></span> <span class='ocrx_word' id='word_1_179' title='bbox 1069 3051 1166 3085; x_wconf 83' lang='lat' dir='ltr'><strong>esse</strong></span> <span class='ocrx_word' id='word_1_180' title='bbox 1197 3033 1450 3084; x_wconf 82' lang='lat' dir='ltr'><strong>verborum</strong></span> <span class='ocrx_word' id='word_1_181' title='bbox 1482 3029 1690 3082; x_wconf 73' lang='grc' dir='ltr'><strong><em>ἐνίπτειν</em></strong></span> <span class='ocrx_word' id='word_1_182' title='bbox 1725 3038 1773 3083; x_wconf 85' lang='lat' dir='ltr'><strong>et</strong></span> <span class='ocrx_word' id='word_1_183' title='bbox 1815 3029 2018 3083; x_wconf 69' lang='grc' dir='ltr'><strong><em>ἒννίπειν</em></strong></span> <span class='ocrx_word' id='word_1_184' title='bbox 2061 3036 2411 3098; x_wconf 84' lang='lat' dir='ltr'><strong>confusionem,</strong></span> <span class='ocrx_word' id='word_1_185' title='bbox 2447 3043 2645 3104; x_wconf 75' lang='lat' dir='ltr'><strong>apparet</strong></span> <span class='ocrx_word' id='word_1_186' title='bbox 2678 3055 2734 3088; x_wconf 80' lang='lat' dir='ltr'><strong>ex</strong></span> <span class='ocrx_word' id='word_1_187' title='bbox 2769 3039 3025 3105; x_wconf 79' lang='lat' dir='ltr'><strong>Apollonio</strong></span> 
     </span>
    </p>
   </div>
   <div class='ocr_carea' id='block_1_6' title="bbox 633 3117 3025 3272">
    <p class='ocr_par' dir='ltr' id='par_1_14' title="bbox 633 3117 3025 3272">
     <span class='ocr_line' id='line_1_26' title="bbox 638 3117 3025 3194; baseline 0.001 -17"><span class='ocrx_word' id='word_1_188' title='bbox 638 3127 851 3185; x_wconf 84' lang='lat' dir='ltr'><strong>Rhodio,</strong></span> <span class='ocrx_word' id='word_1_189' title='bbox 898 3125 976 3174; x_wconf 90' lang='lat' dir='ltr'><strong>hic</strong></span> <span class='ocrx_word' id='word_1_190' title='bbox 1019 3125 1148 3174; x_wconf 82' lang='lat' dir='ltr'><strong>enim</strong></span> <span class='ocrx_word' id='word_1_191' title='bbox 1196 3125 1360 3174; x_wconf 82' lang='lat' dir='ltr'><strong>futuro</strong></span> <span class='ocrx_word' id='word_1_192' title='bbox 1395 3117 1538 3182; x_wconf 66' lang='grc' dir='ltr'><strong><em>ἐνίψω</em></strong></span> <span class='ocrx_word' id='word_1_193' title='bbox 1577 3139 1718 3173; x_wconf 84' lang='lat' dir='ltr'><strong>sensu</strong></span> <span class='ocrx_word' id='word_1_194' title='bbox 1754 3125 1973 3188; x_wconf 79' lang='lat' dir='ltr'><strong>loquendi</strong></span> <span class='ocrx_word' id='word_1_195' title='bbox 2006 3125 2114 3190; x_wconf 85' lang='lat' dir='ltr'><strong>plus</strong></span> <span class='ocrx_word' id='word_1_196' title='bbox 2146 3127 2292 3176; x_wconf 79' lang='lat' dir='ltr'><strong>semel</strong></span> <span class='ocrx_word' id='word_1_197' title='bbox 2328 3129 2487 3178; x_wconf 84' lang='lat' dir='ltr'><strong>utitur</strong></span> <span class='ocrx_word' id='word_1_198' title='bbox 2516 3129 2568 3194; x_wconf 86' lang='lat'><strong>(1</strong></span> <span class='ocrx_word' id='word_1_199' title='bbox 2607 3129 2752 3190; x_wconf 77' lang='lat'><strong>1257,</strong></span> <span class='ocrx_word' id='word_1_200' title='bbox 2794 3130 2874 3180; x_wconf 89' lang='lat'><strong>111</strong></span> <span class='ocrx_word' id='word_1_201' title='bbox 2908 3129 3025 3189; x_wconf 71' lang='lat'><strong>475,</strong></span> 
     </span>
     <span class='ocr_line' id='line_1_27' title="bbox 633 3206 2488 3272; baseline 0 -12"><span class='ocrx_word' id='word_1_202' title='bbox 633 3211 751 3270; x_wconf 79' lang='lat'><strong>780,</strong></span> <span class='ocrx_word' id='word_1_203' title='bbox 786 3209 859 3258; x_wconf 86' lang='lat' dir='ltr'><strong>Iv</strong></span> <span class='ocrx_word' id='word_1_204' title='bbox 895 3209 1044 3272; x_wconf 87' lang='lat'>810);</span> <span class='ocrx_word' id='word_1_205' title='bbox 1079 3207 1268 3272; x_wconf 84' lang='lat' dir='ltr'><strong>putavit</strong></span> <span class='ocrx_word' id='word_1_206' title='bbox 1305 3206 1458 3270; x_wconf 81' lang='lat' dir='ltr'><strong>igitur</strong></span> <span class='ocrx_word' id='word_1_207' title='bbox 1491 3222 1600 3255; x_wconf 80' lang='lat' dir='ltr'><strong>vere</strong></span> <span class='ocrx_word' id='word_1_208' title='bbox 1636 3206 1945 3256; x_wconf 74' lang='lat' dir='ltr'><strong>Homericam</strong></span> <span class='ocrx_word' id='word_1_209' title='bbox 1981 3207 2103 3258; x_wconf 88' lang='lat' dir='ltr'><strong>hanc</strong></span> <span class='ocrx_word' id='word_1_210' title='bbox 2136 3225 2233 3258; x_wconf 85' lang='lat' dir='ltr'><strong>esse</strong></span> <span class='ocrx_word' id='word_1_211' title='bbox 2268 3211 2488 3262; x_wconf 72' lang='lat' dir='ltr'><strong>formam.</strong></span> 
     </span>
    </p>
   </div>
   <div class='ocr_carea' id='block_1_7' title="bbox 631 3293 3027 3725">
    <p class='ocr_par' dir='ltr' id='par_1_15' title="bbox 701 3293 1934 3360">
     <span class='ocr_line' id='line_1_28' title="bbox 701 3293 1934 3360; baseline -0.003 -13"><span class='ocrx_word' id='word_1_212' title='bbox 701 3300 751 3360; x_wconf 76' lang='lat'><strong>2)</strong></span> <span class='ocrx_word' id='word_1_213' title='bbox 787 3295 1088 3358; x_wconf 71' lang='grc' dir='ltr'><strong><em>μελάνθησάν</em></strong></span> <span class='ocrx_word' id='word_1_214' title='bbox 1126 3311 1191 3357; x_wconf 77' lang='grc' dir='ltr'><strong><em>γε</em></strong></span> <span class='ocrx_word' id='word_1_215' title='bbox 1230 3295 1318 3356; x_wconf 66' lang='grc' dir='ltr'><strong><em>μὲν</em></strong></span> <span class='ocrx_word' id='word_1_216' title='bbox 1356 3293 1462 3344; x_wconf 71' lang='grc' dir='ltr'><strong><em>αἵδε</em></strong></span> <span class='ocrx_word' id='word_1_217' title='bbox 1499 3296 1616 3344; x_wconf 85' lang='lat' dir='ltr'><strong>Hes.</strong></span> <span class='ocrx_word' id='word_1_218' title='bbox 1653 3298 1782 3344; x_wconf 87' lang='lat' dir='ltr'><strong>Scut.</strong></span> <span class='ocrx_word' id='word_1_219' title='bbox 1821 3296 1934 3344; x_wconf 81' lang='lat'><strong>300.</strong></span> 
     </span>
    </p>

    <p class='ocr_par' dir='ltr' id='par_1_16' title="bbox 631 3384 3027 3725">
     <span class='ocr_line' id='line_1_29' title="bbox 701 3384 3027 3456; baseline 0.001 -20"><span class='ocrx_word' id='word_1_220' title='bbox 701 3389 749 3449; x_wconf 80' lang='lat'><strong>3)</strong></span> <span class='ocrx_word' id='word_1_221' title='bbox 783 3389 950 3451; x_wconf 84' lang='lat' dir='ltr'><strong>Neque</strong></span> <span class='ocrx_word' id='word_1_222' title='bbox 985 3387 1318 3436; x_wconf 81' lang='lat' dir='ltr'><strong>Aristarchum</strong></span> <span class='ocrx_word' id='word_1_223' title='bbox 1351 3385 1492 3433; x_wconf 86' lang='lat' dir='ltr'><strong>credo</strong></span> <span class='ocrx_word' id='word_1_224' title='bbox 1533 3385 1778 3449; x_wconf 78' lang='lat' dir='ltr'><strong>scripsisse</strong></span> <span class='ocrx_word' id='word_1_225' title='bbox 1812 3384 2026 3444; x_wconf 79' lang='grc' dir='ltr'><strong><em>μελάνει.</em></strong></span> <span class='ocrx_word' id='word_1_226' title='bbox 2084 3387 2207 3436; x_wconf 87' lang='lat' dir='ltr'><strong>Vide</strong></span> <span class='ocrx_word' id='word_1_227' title='bbox 2241 3389 2388 3438; x_wconf 80' lang='lat' dir='ltr'><strong>schol.</strong></span> <span class='ocrx_word' id='word_1_228' title='bbox 2421 3391 2482 3438; x_wconf 71' lang='lat' dir='ltr'><strong>At</strong></span> <span class='ocrx_word' id='word_1_229' title='bbox 2514 3400 2562 3439; x_wconf 84' lang='lat' dir='ltr'><strong>et</strong></span> <span class='ocrx_word' id='word_1_230' title='bbox 2595 3390 2776 3439; x_wconf 82' lang='lat' dir='ltr'><strong>Victor.</strong></span> <span class='ocrx_word' id='word_1_231' title='bbox 2808 3394 2857 3440; x_wconf 88' lang='lat' dir='ltr'><strong>et</strong></span> <span class='ocrx_word' id='word_1_232' title='bbox 2878 3389 3027 3456; x_wconf 83' lang='lat' dir='ltr'><strong>inpri-</strong></span> 
     </span>
     <span class='ocr_line' id='line_1_30' title="bbox 631 3468 3025 3538; baseline 0.002 -14"><span class='ocrx_word' id='word_1_233' title='bbox 631 3476 722 3524; x_wconf 87' lang='lat' dir='ltr'><strong>mis</strong></span> <span class='ocrx_word' id='word_1_234' title='bbox 767 3475 1025 3525; x_wconf 81' lang='lat' dir='ltr'><strong>Aristonici</strong></span> <span class='ocrx_word' id='word_1_235' title='bbox 1072 3474 1242 3524; x_wconf 81' lang='lat' dir='ltr'><strong>verba:</strong></span> <span class='ocrx_word' id='word_1_236' title='bbox 1291 3471 1319 3528; x_wconf 73' lang='grc' dir='ltr'>ἡ</span> <span class='ocrx_word' id='word_1_237' title='bbox 1373 3470 1553 3531; x_wconf 68' lang='grc' dir='ltr'><strong><em>διπλῆ,</em></strong></span> <span class='ocrx_word' id='word_1_238' title='bbox 1608 3470 1686 3521; x_wconf 70' lang='grc' dir='ltr'><strong>ὅτι</strong></span> <span class='ocrx_word' id='word_1_239' title='bbox 1745 3468 1826 3523; x_wconf 66' lang='grc' dir='ltr'><strong><em>ἐὰν</em></strong></span> <span class='ocrx_word' id='word_1_240' title='bbox 1881 3476 1969 3535; x_wconf 75' lang='grc' dir='ltr'><strong>μὲν</strong></span> <span class='ocrx_word' id='word_1_241' title='bbox 2017 3475 2277 3538; x_wconf 72' lang='grc' dir='ltr'><strong>γράφηται</strong></span> <span class='ocrx_word' id='word_1_242' title='bbox 2322 3479 2499 3535; x_wconf 74' lang='grc' dir='ltr'><strong><em>πόντος</em></strong></span> <span class='ocrx_word' id='word_1_243' title='bbox 2534 3473 2618 3528; x_wconf 71' lang='grc' dir='ltr'><strong>ὑπ’</strong></span> <span class='ocrx_word' id='word_1_244' title='bbox 2656 3472 2837 3536; x_wconf 69' lang='grc' dir='ltr'><strong><em>αὐτοῦ,</em></strong></span> <span class='ocrx_word' id='word_1_245' title='bbox 2877 3475 3025 3528; x_wconf 60' lang='grc' dir='ltr'><strong><em>ἵσταο</em></strong></span> 
     </span>
     <span class='ocr_line' id='line_1_31' title="bbox 631 3561 3022 3634; baseline 0.002 -19"><span class='ocrx_word' id='word_1_246' title='bbox 631 3565 1022 3627; x_wconf 72' lang='grc' dir='ltr'><strong><em>μελαίνεται</em></strong></span> <span class='ocrx_word' id='word_1_247' title='bbox 1073 3564 1098 3611; x_wconf 83' lang='grc' dir='ltr'><strong><em>ὁ</em></strong></span> <span class='ocrx_word' id='word_1_248' title='bbox 1147 3565 1382 3620; x_wconf 70' lang='grc' dir='ltr'><strong><em>πόντος</em></strong></span> <span class='ocrx_word' id='word_1_249' title='bbox 1435 3561 1528 3612; x_wconf 72' lang='grc' dir='ltr'><strong>ὑπὸ</strong></span> <span class='ocrx_word' id='word_1_250' title='bbox 1577 3566 1671 3612; x_wconf 70' lang='grc' dir='ltr'><strong>τοῦ</strong></span> <span class='ocrx_word' id='word_1_251' title='bbox 1713 3563 1957 3628; x_wconf 70' lang='grc' dir='ltr'><strong><em>Ζεφύρου,</em></strong></span> <span class='ocrx_word' id='word_1_252' title='bbox 1998 3563 2081 3614; x_wconf 57' lang='lat' dir='ltr'><strong>{hv</strong></span> <span class='ocrx_word' id='word_1_253' title='bbox 2117 3565 2171 3616; x_wconf 60' lang='grc' dir='ltr'><strong>δε</strong></span> <span class='ocrx_word' id='word_1_254' title='bbox 2209 3569 2383 3617; x_wconf 74' lang='grc' dir='ltr'><strong><em>πόντον</em></strong></span> <span class='ocrx_word' id='word_1_255' title='bbox 2422 3564 2506 3618; x_wconf 73' lang='grc' dir='ltr'><strong>ὑπ’</strong></span> <span class='ocrx_word' id='word_1_256' title='bbox 2546 3567 2705 3634; x_wconf 68' lang='grc' dir='ltr'><strong><em>αὐτῇ,</em></strong></span> <span class='ocrx_word' id='word_1_257' title='bbox 2742 3567 2887 3618; x_wconf 67' lang='grc' dir='ltr'><strong><em>’ἔσται</em></strong></span> <span class='ocrx_word' id='word_1_258' title='bbox 2926 3585 3022 3630; x_wconf 82' lang='grc' dir='ltr'><strong>με·</strong></span> 
     </span>
     <span class='ocr_line' id='line_1_32' title="bbox 634 3651 3023 3725; baseline 0.001 -19"><span class='ocrx_word' id='word_1_259' title='bbox 634 3658 845 3706; x_wconf 79' lang='grc' dir='ltr'><strong><em>λοιίνει</em></strong></span> <span class='ocrx_word' id='word_1_260' title='bbox 891 3654 957 3705; x_wconf 73' lang='grc' dir='ltr'><strong>δὲ</strong></span> <span class='ocrx_word' id='word_1_261' title='bbox 1009 3656 1091 3704; x_wconf 74' lang='grc' dir='ltr'><strong>πό</strong></span> <span class='ocrx_word' id='word_1_262' title='bbox 1103 3673 1173 3704; x_wconf 87' lang='grc' dir='ltr'><strong>ντ</strong></span> <span class='ocrx_word' id='word_1_263' title='bbox 1189 3670 1248 3702; x_wconf 90' lang='grc' dir='ltr'><strong>ον</strong></span> <span class='ocrx_word' id='word_1_264' title='bbox 1286 3655 1310 3702; x_wconf 78' lang='grc' dir='ltr'><strong><em>ὁ</em></strong></span> <span class='ocrx_word' id='word_1_265' title='bbox 1350 3652 1555 3718; x_wconf 69' lang='grc' dir='ltr'><strong><em>Ζέφυρος</em></strong></span> <span class='ocrx_word' id='word_1_266' title='bbox 1595 3651 1688 3702; x_wconf 72' lang='grc' dir='ltr'><strong>ὑπὸ</strong></span> <span class='ocrx_word' id='word_1_267' title='bbox 1738 3657 1805 3719; x_wconf 65' lang='grc' dir='ltr'><strong>τῇ</strong></span> <span class='ocrx_word' id='word_1_268' title='bbox 1845 3657 2004 3720; x_wconf 66' lang='grc' dir='ltr'><strong><em>φρίκῃ.</em></strong></span> <span class='ocrx_word' id='word_1_269' title='bbox 2072 3659 2243 3723; x_wconf 80' lang='lat' dir='ltr'><strong>Itaque</strong></span> <span class='ocrx_word' id='word_1_270' title='bbox 2286 3661 2593 3710; x_wconf 76' lang='lat' dir='ltr'><strong>Aristarchus</strong></span> <span class='ocrx_word' id='word_1_271' title='bbox 2636 3661 2677 3709; x_wconf 83' lang='lat' dir='ltr'><strong>si</strong></span> <span class='ocrx_word' id='word_1_272' title='bbox 2721 3661 2837 3725; x_wconf 88' lang='lat' dir='ltr'><strong>quid</strong></span> <span class='ocrx_word' id='word_1_273' title='bbox 2886 3661 3023 3708; x_wconf 82' lang='lat' dir='ltr'><strong>video</strong></span> 
     </span>
    </p>
   </div>
   <div class='ocr_carea' id='block_1_8' title="bbox 629 3740 3077 4395">
    <p class='ocr_par' dir='ltr' id='par_1_17' title="bbox 629 3740 3077 3896">
     <span class='ocr_line' id='line_1_33' title="bbox 629 3740 3077 3808; baseline 0 -12"><span class='ocrx_word' id='word_1_274' title='bbox 629 3747 883 3796; x_wconf 79' lang='lat' dir='ltr'><strong>haesitavit</strong></span> <span class='ocrx_word' id='word_1_275' title='bbox 930 3747 1059 3797; x_wconf 87' lang='lat' dir='ltr'><strong>inter</strong></span> <span class='ocrx_word' id='word_1_276' title='bbox 1095 3744 1334 3792; x_wconf 76' lang='grc' dir='ltr'><strong><em>πόντον</em></strong></span> <span class='ocrx_word' id='word_1_277' title='bbox 1378 3740 1440 3791; x_wconf 78' lang='grc' dir='ltr'><strong>δὲ</strong></span> <span class='ocrx_word' id='word_1_278' title='bbox 1494 3745 1799 3803; x_wconf 71' lang='grc' dir='ltr'><strong><em>μελαίνει</em></strong></span> <span class='ocrx_word' id='word_1_279' title='bbox 1834 3751 1883 3796; x_wconf 83' lang='lat' dir='ltr'><strong>et</strong></span> <span class='ocrx_word' id='word_1_280' title='bbox 1917 3746 2154 3804; x_wconf 72' lang='grc' dir='ltr'><strong><em>πόντος</em></strong></span> <span class='ocrx_word' id='word_1_281' title='bbox 2194 3745 2259 3796; x_wconf 68' lang='lat'><strong>3³</strong></span> <span class='ocrx_word' id='word_1_282' title='bbox 2299 3743 2641 3808; x_wconf 72' lang='grc' dir='ltr'><strong><em>μελαίνεθ’.</em></strong></span> <span class='ocrx_word' id='word_1_283' title='bbox 2688 3750 2739 3800; x_wconf 85' lang='lat' dir='ltr'><strong>in</strong></span> <span class='ocrx_word' id='word_1_284' title='bbox 2768 3750 2951 3799; x_wconf 86' lang='lat' dir='ltr'><strong>Veneto</strong></span> <span class='ocrx_word' id='word_1_285' title='bbox 2989 3755 3021 3797; x_wconf 86' lang='lat' dir='ltr'><strong>B</strong></span> <span class='ocrx_word' id='word_1_286' title='bbox 3072 3783 3077 3788; x_wconf 88' lang='lat'>-</span> 
     </span>
     <span class='ocr_line' id='line_1_34' title="bbox 631 3827 2685 3896; baseline 0.001 -18"><span class='ocrx_word' id='word_1_287' title='bbox 631 3845 744 3878; x_wconf 81' lang='lat' dir='ltr'><strong>vero</strong></span> <span class='ocrx_word' id='word_1_288' title='bbox 780 3833 829 3878; x_wconf 87' lang='lat' dir='ltr'><strong>et</strong></span> <span class='ocrx_word' id='word_1_289' title='bbox 862 3827 911 3877; x_wconf 89' lang='lat' dir='ltr'><strong>in</strong></span> <span class='ocrx_word' id='word_1_290' title='bbox 947 3828 1179 3892; x_wconf 85' lang='lat' dir='ltr'><strong>Lipsiensi</strong></span> <span class='ocrx_word' id='word_1_291' title='bbox 1215 3827 1428 3875; x_wconf 83' lang='lat' dir='ltr'><strong>scholion</strong></span> <span class='ocrx_word' id='word_1_292' title='bbox 1465 3827 1552 3876; x_wconf 88' lang='lat' dir='ltr'><strong>hoc</strong></span> <span class='ocrx_word' id='word_1_293' title='bbox 1589 3828 1647 3876; x_wconf 88' lang='lat' dir='ltr'><strong>ad</strong></span> <span class='ocrx_word' id='word_1_294' title='bbox 1683 3828 1903 3878; x_wconf 82' lang='lat' dir='ltr'><strong>vitiosam</strong></span> <span class='ocrx_word' id='word_1_295' title='bbox 1940 3829 2189 3878; x_wconf 83' lang='lat' dir='ltr'><strong>lectionem</strong></span> <span class='ocrx_word' id='word_1_296' title='bbox 2224 3835 2295 3879; x_wconf 85' lang='lat' dir='ltr'><strong>est</strong></span> <span class='ocrx_word' id='word_1_297' title='bbox 2331 3831 2685 3896; x_wconf 73' lang='lat' dir='ltr'><strong>interpolatum.</strong></span> 
     </span>
    </p>

    <p class='ocr_par' dir='ltr' id='par_1_18' title="bbox 629 3909 3026 4142">
     <span class='ocr_line' id='line_1_35' title="bbox 698 3909 3026 3978; baseline 0.001 -18"><span class='ocrx_word' id='word_1_298' title='bbox 698 3913 926 3961; x_wconf 83' lang='lat' dir='ltr'><strong>Errorem</strong></span> <span class='ocrx_word' id='word_1_299' title='bbox 969 3911 1085 3958; x_wconf 82' lang='lat' dir='ltr'><strong>satis</strong></span> <span class='ocrx_word' id='word_1_300' title='bbox 1117 3913 1278 3958; x_wconf 82' lang='lat' dir='ltr'><strong>tamen</strong></span> <span class='ocrx_word' id='word_1_301' title='bbox 1313 3909 1564 3973; x_wconf 85' lang='lat' dir='ltr'><strong>antiquum</strong></span> <span class='ocrx_word' id='word_1_302' title='bbox 1598 3925 1721 3970; x_wconf 79' lang='lat' dir='ltr'><strong>esse,</strong></span> <span class='ocrx_word' id='word_1_303' title='bbox 1758 3915 1955 3975; x_wconf 81' lang='lat' dir='ltr'><strong>apparet</strong></span> <span class='ocrx_word' id='word_1_304' title='bbox 1990 3927 2046 3960; x_wconf 87' lang='lat' dir='ltr'><strong>ex</strong></span> <span class='ocrx_word' id='word_1_305' title='bbox 2080 3912 2325 3978; x_wconf 82' lang='lat' dir='ltr'><strong>Apollonii</strong></span> <span class='ocrx_word' id='word_1_306' title='bbox 2370 3913 2546 3962; x_wconf 84' lang='lat' dir='ltr'><strong>Rhodii</strong></span> <span class='ocrx_word' id='word_1_307' title='bbox 2582 3929 2721 3962; x_wconf 83' lang='lat' dir='ltr'><strong>versu</strong></span> <span class='ocrx_word' id='word_1_308' title='bbox 2758 3913 2829 3963; x_wconf 81' lang='lat' dir='ltr'><strong>lv</strong></span> <span class='ocrx_word' id='word_1_309' title='bbox 2867 3913 3026 3972; x_wconf 81' lang='lat'>1574;</span> 
     </span>
     <span class='ocr_line' id='line_1_36' title="bbox 630 3991 3023 4060; baseline 0 -16"><span class='ocrx_word' id='word_1_310' title='bbox 630 3995 888 4044; x_wconf 75' lang='lat' dir='ltr'><strong>indefessus</strong></span> <span class='ocrx_word' id='word_1_311' title='bbox 934 3993 1062 4042; x_wconf 83' lang='lat' dir='ltr'><strong>enim</strong></span> <span class='ocrx_word' id='word_1_312' title='bbox 1109 3993 1370 4041; x_wconf 78' lang='lat' dir='ltr'><strong>formarum</strong></span> <span class='ocrx_word' id='word_1_313' title='bbox 1417 3991 1727 4041; x_wconf 86' lang='lat' dir='ltr'><strong>obscurarum</strong></span> <span class='ocrx_word' id='word_1_314' title='bbox 1772 3996 1821 4040; x_wconf 80' lang='lat' dir='ltr'><strong>et</strong></span> <span class='ocrx_word' id='word_1_315' title='bbox 1866 3991 2183 4043; x_wconf 73' lang='lat' dir='ltr'><strong>obsoletarum</strong></span> <span class='ocrx_word' id='word_1_316' title='bbox 2230 3995 2482 4059; x_wconf 79' lang='lat' dir='ltr'><strong>indagator</strong></span> <span class='ocrx_word' id='word_1_317' title='bbox 2528 3996 2649 4044; x_wconf 85' lang='lat' dir='ltr'><strong>hanc</strong></span> <span class='ocrx_word' id='word_1_318' title='bbox 2694 4011 2881 4060; x_wconf 87' lang='lat' dir='ltr'><strong>quoque</strong></span> <span class='ocrx_word' id='word_1_319' title='bbox 2926 4011 3023 4044; x_wconf 84' lang='lat' dir='ltr'><strong>non</strong></span> 
     </span>
     <span class='ocr_line' id='line_1_37' title="bbox 629 4073 2923 4142; baseline 0 -17"><span class='ocrx_word' id='word_1_320' title='bbox 629 4075 982 4142; x_wconf 81' lang='lat' dir='ltr'><strong>praetermisit,</strong></span> <span class='ocrx_word' id='word_1_321' title='bbox 1019 4075 1098 4124; x_wconf 82' lang='lat' dir='ltr'><strong>sed</strong></span> <span class='ocrx_word' id='word_1_322' title='bbox 1135 4073 1537 4138; x_wconf 76' lang='lat' dir='ltr'><strong>elegantissimam</strong></span> <span class='ocrx_word' id='word_1_323' title='bbox 1576 4077 1708 4124; x_wconf 86' lang='lat' dir='ltr'><strong>ratus</strong></span> <span class='ocrx_word' id='word_1_324' title='bbox 1740 4075 1937 4139; x_wconf 89' lang='lat' dir='ltr'><strong>opinor,</strong></span> <span class='ocrx_word' id='word_1_325' title='bbox 1974 4076 2025 4124; x_wconf 89' lang='lat' dir='ltr'><strong>in</strong></span> <span class='ocrx_word' id='word_1_326' title='bbox 2060 4091 2179 4141; x_wconf 85' lang='lat' dir='ltr'><strong>opus</strong></span> <span class='ocrx_word' id='word_1_327' title='bbox 2208 4093 2347 4126; x_wconf 74' lang='lat' dir='ltr'><strong>entim</strong></span> <span class='ocrx_word' id='word_1_328' title='bbox 2383 4078 2622 4127; x_wconf 83' lang='lat' dir='ltr'><strong>musivum</strong></span> <span class='ocrx_word' id='word_1_329' title='bbox 2652 4077 2923 4127; x_wconf 74' lang='lat' dir='ltr'><strong>transtulit:</strong></span> 
     </span>
    </p>

    <p class='ocr_par' dir='ltr' id='par_1_19' title="bbox 705 4159 2201 4226">
     <span class='ocr_line' id='line_1_38' title="bbox 705 4159 2201 4226; baseline -0.001 -12"><span class='ocrx_word' id='word_1_330' title='bbox 705 4162 864 4226; x_wconf 69' lang='grc' dir='ltr'><strong><em>βένθος</em></strong></span> <span class='ocrx_word' id='word_1_331' title='bbox 903 4163 1126 4222; x_wconf 73' lang='grc' dir='ltr'><strong><em>ἀκίνητον</em></strong></span> <span class='ocrx_word' id='word_1_332' title='bbox 1165 4162 1362 4223; x_wconf 75' lang='grc' dir='ltr'><strong><em>μελάνει</em></strong></span> <span class='ocrx_word' id='word_1_333' title='bbox 1410 4164 1486 4212; x_wconf 82' lang='lat' dir='ltr'><strong>vel</strong></span> <span class='ocrx_word' id='word_1_334' title='bbox 1532 4159 1763 4223; x_wconf 77' lang='grc' dir='ltr'><strong><em>μελανεῖ,</em></strong></span> <span class='ocrx_word' id='word_1_335' title='bbox 1808 4167 1864 4213; x_wconf 77' lang='lat' dir='ltr'><strong>ut</strong></span> <span class='ocrx_word' id='word_1_336' title='bbox 1908 4181 1937 4214; x_wconf 97' lang='lat' dir='ltr'><strong>a</strong></span> <span class='ocrx_word' id='word_1_337' title='bbox 1970 4163 2201 4224; x_wconf 68' lang='grc' dir='ltr'><strong><em>μελανίαν.</em></strong></span> 
     </span>
    </p>

    <p class='ocr_par' dir='ltr' id='par_1_20' title="bbox 629 4246 3025 4395">
     <span class='ocr_line' id='line_1_39' title="bbox 697 4246 3025 4314; baseline 0 -17"><span class='ocrx_word' id='word_1_338' title='bbox 697 4249 759 4298; x_wconf 87' lang='lat' dir='ltr'><strong>In</strong></span> <span class='ocrx_word' id='word_1_339' title='bbox 791 4247 1073 4297; x_wconf 81' lang='lat' dir='ltr'><strong>Callimachi</strong></span> <span class='ocrx_word' id='word_1_340' title='bbox 1107 4246 1450 4312; x_wconf 82' lang='lat' dir='ltr'><strong>epigrammate</strong></span> <span class='ocrx_word' id='word_1_341' title='bbox 1487 4247 1548 4296; x_wconf 81' lang='lat'><strong>56</strong></span> <span class='ocrx_word' id='word_1_342' title='bbox 1585 4246 1756 4295; x_wconf 88' lang='lat' dir='ltr'><strong>similis</strong></span> <span class='ocrx_word' id='word_1_343' title='bbox 1791 4246 1968 4310; x_wconf 82' lang='lat' dir='ltr'><strong>legitur</strong></span> <span class='ocrx_word' id='word_1_344' title='bbox 2004 4247 2183 4306; x_wconf 85' lang='lat' dir='ltr'><strong>forma,</strong></span> <span class='ocrx_word' id='word_1_345' title='bbox 2220 4265 2275 4298; x_wconf 87' lang='lat' dir='ltr'><strong>cx</strong></span> <span class='ocrx_word' id='word_1_346' title='bbox 2306 4251 2468 4299; x_wconf 87' lang='lat' dir='ltr'><strong>eodem</strong></span> <span class='ocrx_word' id='word_1_347' title='bbox 2497 4254 2552 4299; x_wconf 85' lang='lat' dir='ltr'><strong>ut</strong></span> <span class='ocrx_word' id='word_1_348' title='bbox 2580 4251 2797 4314; x_wconf 84' lang='lat' dir='ltr'><strong>equidem</strong></span> <span class='ocrx_word' id='word_1_349' title='bbox 2814 4249 3025 4300; x_wconf 84' lang='lat' dir='ltr'><strong>arbitror</strong></span> 
     </span>
     <span class='ocr_line' id='line_1_40' title="bbox 629 4329 2412 4395; baseline -0.001 -13"><span class='ocrx_word' id='word_1_350' title='bbox 629 4333 762 4383; x_wconf 68' lang='lat' dir='ltr'><strong>fonte</strong></span> <span class='ocrx_word' id='word_1_351' title='bbox 794 4333 909 4380; x_wconf 84' lang='lat' dir='ltr'><strong>nata</strong></span> <span class='ocrx_word' id='word_1_352' title='bbox 947 4329 1166 4388; x_wconf 85' lang='lat' dir='ltr'><strong>turbido;</strong></span> <span class='ocrx_word' id='word_1_353' title='bbox 1206 4329 1341 4378; x_wconf 88' lang='lat' dir='ltr'><strong>cuius</strong></span> <span class='ocrx_word' id='word_1_354' title='bbox 1373 4329 1733 4394; x_wconf 83' lang='lat' dir='ltr'><strong>epigrammatis</strong></span> <span class='ocrx_word' id='word_1_355' title='bbox 1766 4329 1879 4377; x_wconf 87' lang='lat' dir='ltr'><strong>haec</strong></span> <span class='ocrx_word' id='word_1_356' title='bbox 1911 4333 2023 4380; x_wconf 86' lang='lat' dir='ltr'><strong>sunt</strong></span> <span class='ocrx_word' id='word_1_357' title='bbox 2058 4331 2215 4395; x_wconf 84' lang='lat' dir='ltr'><strong>prima</strong></span> <span class='ocrx_word' id='word_1_358' title='bbox 2247 4331 2412 4381; x_wconf 79' lang='lat' dir='ltr'><strong>verba:</strong></span> 
     </span>
    </p>
   </div>
   <div class='ocr_carea' id='block_1_9' title="bbox 1224 4414 2351 4482">
    <p class='ocr_par' dir='ltr' id='par_1_21' title="bbox 1224 4414 2351 4482">
     <span class='ocr_line' id='line_1_41' title="bbox 1224 4414 2351 4482; baseline 0.002 -12"><span class='ocrx_word' id='word_1_359' title='bbox 1224 4418 1310 4470; x_wconf 70' lang='grc' dir='ltr'><strong><em>τὸν</em></strong></span> <span class='ocrx_word' id='word_1_360' title='bbox 1344 4417 1406 4467; x_wconf 75' lang='grc' dir='ltr'><strong>τὸ</strong></span> <span class='ocrx_word' id='word_1_361' title='bbox 1443 4417 1592 4468; x_wconf 68' lang='grc' dir='ltr'><strong><em>καλὸν</em></strong></span> <span class='ocrx_word' id='word_1_362' title='bbox 1629 4419 1935 4479; x_wconf 61' lang='lat' dir='ltr'><strong>murdim-a</strong></span> <span class='ocrx_word' id='word_1_363' title='bbox 1974 4414 2233 4482; x_wconf 72' lang='grc' dir='ltr'><strong><em>Θεόκριτον</em></strong></span> <span class='ocrx_word' id='word_1_364' title='bbox 2264 4425 2351 4472; x_wconf 80' lang='lat' dir='ltr'><strong>etc.</strong></span> 
     </span>
    </p>
   </div>
  </div>
 </body>
</html>
