3436 5161
1298 361 1557 416 oAssms
1601 367 1731 416 mo.
2578 351 2707 420 323

321 535 429 596 τοῦ
490 517 559 597 ἷδ
623 527 699 598 ὦν
761 529 790 594 ὃ
857 530 963 598 λς’
1029 531 1135 596 καὶ
1198 533 1228 597 ὃ
1289 531 1392 614 λζ’
1463 531 1567 599 καὶ
1631 531 1660 596 ὃ
1725 531 1810 598 νδ’
1873 533 1931 596 ἓν
1994 531 2164 613 μέσῳ
2215 533 2521 606 ἕλλειπείς
2568 537 2706 614 (sio)

414 637 670 716 βιβλίον
720 621 855 705 λῖθ’
896 635 1169 720 ἄναρχον

416 742 667 823 βιβλίον
714 729 841 826 λῇ
887 746 922 819 ἦ
972 745 1064 825 ἀρ.
1118 743 1203 824 τῷ
1252 743 1308 810 δ’
1352 742 1804 826 ἐπιγιγνομένου
1853 741 1975 809 ἔτει
2023 767 2077 809 κ.
2107 767 2164 808 τ.
2196 758 2258 810 λ.

321 848 555 916 Libros
602 852 812 938 igitur
858 849 1085 916 Dionis
1136 852 1421 917 continet
1468 848 1755 916 36-54.
1829 849 2068 936 Incipit
2114 852 2242 916 ita:

414 955 457 1021 f.
526 954 561 1020 1
628 977 723 1023 vs.
790 955 968 1022 l-f.
1037 961 1077 1022 4
1129 976 1221 1023 vs.
1278 956 1395 1022 ll:
1445 957 1547 1022 καὶ
1596 951 1687 1021 ὅτι
1737 957 1966 1039 ἰσχυρᾷ
2014 966 2092 1038 τῇ
2138 958 2308 1038 τύχῃ
2357 993 2442 1008 -
2488 959 2702 1038 ὀλίγου

323 1059 619 1142 διεφθάρη
638 1109 656 1140 ,
699 1061 774 1127 L.
804 1059 912 1140 36,
942 1059 1161 1127 3—19
1190 1067 1295 1149 (=
1319 1061 1426 1141 35,
1456 1060 1675 1128 1--1'7
1698 1065 1767 1127 in
1793 1062 2178 1129 editionibus
2202 1064 2707 1151 vetustioribus).

325 1165 631 1253 Sequitur
675 1169 715 1233 f.
772 1169 815 1232 4
862 1189 956 1236 vs.
1008 1167 1093 1236 12
1141 1171 1328 1256 (novo
1373 1171 1587 1254 versu)
1634 1169 1999 1240 δυναστείας
2049 1193 2118 1233 τε
2167 1169 2304 1250 ἐρῶν
2353 1179 2418 1235 et
2466 1170 2712 1256 reliqua

212 1349 221 1356 ,
324 1293 579 1358 prorsus
625 1273 848 1340 eodem
896 1274 1085 1341 modo
1132 1295 1256 1361 quo
1302 1277 1372 1340 in
1418 1275 1708 1342 Mediceo
1757 1286 1812 1340 A
1852 1275 2190 1363 leguntur,
2238 1274 2311 1340 L.
2356 1273 2477 1354 36,
2524 1277 2583 1341 1.
2631 1275 2704 1354 2;

326 1377 415 1444 20
462 1399 596 1466 sqq.

416 1487 627 1572 Atque
680 1490 899 1553 statim
962 1487 1067 1554 hic
1130 1487 1341 1554 dicam
1416 1487 1583 1574 quod
1645 1489 1795 1554 mo‘x
1857 1489 2236 1574 probaturus
2297 1509 2440 1554 sum
2461 1536 2478 1568 ,
2533 1489 2709 1555 codi-

324 1613 464 1658 cem
512 1591 892 1659 Vaticanum
945 1605 1001 1659 A
1053 1613 1090 1658 a
1138 1593 1429 1660 Mediceo
1478 1605 1534 1659 A
1584 1615 1720 1660 esse
1765 1595 2178 1680 descriptum.
2252 1593 2324 1660 Si
2371 1597 2482 1680 qui
2536 1595 2710 1661 enim

320 1699 513 1766 codex
535 1747 551 1780 ‚
616 1721 777 1786 quae
830 1702 997 1788 folio
1061 1707 1317 1766 absc-ineo
1378 1705 1702 1788 perierunt
1759 1705 1829 1767 in
1893 1701 2070 1768 Med.
2151 1712 2201 1768 A
2227 1749 2244 1780 ,
2313 1702 2535 1768 eadem
2595 1701 2712 1768 illa

321 1809 605 1885 omittit,
670 1807 775 1872 vel
838 1810 1043 1893 spatio
1089 1827 1291 1874 vacuo
1339 1807 1561 1875 relicto
1608 1809 1950 1893 additaque
1995 1815 2144 1874 nota
2191 1811 2430 1886 λείπει,
2482 1807 2586 1874 vel
2633 1829 2714 1873 ne

318 1914 599 1980 indicata
661 1914 919 2000 quidem
986 1913 1250 2000 lacuna,
1313 1915 1485 1980 hunc
1546 1915 1828 1982 codicem
1889 1935 1968 1980 ex
2015 1913 2304 1980 Mediceo
2351 1914 2711 1980 derivatum

321 2041 455 2085 esse
514 2027 795 2104 apparet.
876 2018 955 2085 Id
1017 2027 1232 2086 autem
1297 2021 1511 2106 ipsum
1575 2022 1642 2086 in
1704 2019 2011 2086 Vaticano
2073 2025 2286 2086 nostro
2348 2041 2468 2086 usu
2515 2021 2711 2086 venit.

322 2123 613 2191 Primam
660 2123 955 2193 lacunam
1006 2131 1071 2192 et
1120 2127 1460 2192 secundam
1512 2133 1576 2192 et
1622 2130 1882 2192 tertiam
1933 2125 2046 2212 (36
2074 2175 2092 2211 ,
2143 2124 2374 2212 36,·’3“7,·
2420 2125 2528 2210 37,
2571 2125 2705 2211 '7183

324 2227 431 2315 3¹7,
500 2227 625 2306 29,
694 2229 829 2317 314)
894 2232 1063 2297 binis
1118 2231 1247 2297 fere
1293 2231 1465 2297 foliis
1512 2235 1691 2318 puris
1738 2231 1978 2297 relictis
2021 2229 2322 2298 librarius
2365 2231 2710 2308 indicavit;

320 2356 444 2403 non
496 2335 662 2402 vidit
712 2338 907 2402 etiam
958 2335 1082 2421 48,
1133 2338 1214 2402 41
1242 2384 1257 2414 ,
1313 2337 1352 2402 7
1402 2343 1467 2402 et
1516 2337 1637 2415 49,
1688 2335 1814 2420 39,
1858 2336 1897 2401 5
1937 2336 2192 2424 singula
2231 2335 2388 2402 folia
2424 2336 2714 2403 Mediceo

322 2441 615 2508 defuisse.
688 2442 827 2523 Quo
878 2443 1119 2508 factum
1170 2449 1266 2510 est
1312 2447 1387 2507 ut
1434 2445 1641 2528 priore
1689 2443 1828 2509 loco
1876 2443 2087 2507 verbis
2132 2444 2198 2506 in
2247 2441 2402 2508 folio
2438 2443 2716 2508 Medicei

320 2545 475 2613 222‘
524 2547 775 2615 ultimis
822 2547 925 2614 ὑπ’
970 2551 1159 2615 αὐτοῦ
1210 2545 1699 2631 πολιορκηθέντες
1761 2549 1898 2635 (48,
1943 2548 2050 2627 41,
2095 2547 2164 2635 Ι7)
2201 2550 2412 2634 prima
2449 2550 2518 2613 in
2556 2547 2710 2615 folio

321 2653 455 2719 223
500 2656 686 2733 χωρὶς
736 2654 799 2719 δὲ
839 2656 943 2721 τὸν
980 2654 1229 2734 Νέρωνα
1280 2652 1429 2739 (48,
1481 2653 1567 2718 44
1594 2704 1609 2730 ,
1656 2653 1722 2737 3)
1771 2656 2203 2732 coniunxerit,
2249 2653 2448 2719 altero
2486 2658 2704 2719 autem

316 2759 539 2827 eodem
596 2761 787 2828 modo
846 2782 974 2827 uno
1034 2766 1247 2827 tenore
1308 2763 1668 2847 scripserit:
1723 2758 2144 2838 σκηπτόμενος
2211 2759 2287 2825 δι’
2338 2759 2501 2826 οὐδὲν
2547 2757 2708 2825 ἄλλο

320 2865 507 2932 αὐτὸν
566 2866 999 2949 συνειληφέναι
1063 2866 1437 2933 ὖπέστελλον
1501 2868 1606 2932 καὶ
1679 2866 2037 2949 ἐμετρίαζον
2104 2892 2159 2933 κ.
2188 2890 2247 2931 τ.
2276 2881 2336 2931 λ.
2403 2866 2487 2931 49
2511 2914 2530 2945 ,
2581 2864 2667 2932 39
2688 2916 2706 2945 ,

325 2972 365 3037 5
416 2978 482 3038 et
532 2970 617 3038 42
642 3023 659 3051 ,
713 2971 775 3040 3.

413 3078 594 3145 Adde
656 3080 757 3144 his
814 3078 1090 3146 Medicei
1154 3101 1377 3147 versus
1422 3082 1707 3167 integros
1755 3100 1792 3145 a
1840 3078 2099 3145 librario
2146 3077 2380 3144 codicis
2426 3076 2716 3145 Vaticani

322 3186 627 3261 emisam,
692 3190 767 3250 ut
829 3182 955 3271 38,
1020 3184 1142 3263 48,
1193 3185 1236 3250 2
1281 3192 1399 3251 τῶν
1445 3184 1762 3263 Ῥωμαίων
1808 3184 2310 3266 προκαλουμένων
2355 3186 2530 3266 σφᾶς
2576 3208 2716 3249 συν-

322 3288 529 3368 εμιξ-ἐν
590 3290 763 3356 ἄλλα
828 3297 893 3357 et
955 3289 1076 3368 49,
1138 3289 1245 3369 37,
1317 3290 1358 3355 4
1407 3293 1615 3369 ὀλίγον
1671 3290 1908 3356 ἄπωθεν
1959 3289 2390 3370 παραρρέοντος
2443 3287 2714 3355 διάκενόν

323 3420 383 3460 τι
430 3419 648 3480 κατε-ς
696 3395 855 3462 adde
902 3396 1173 3462 absurda
1219 3397 1531 3481 quaedam
1577 3398 1772 3473 vitia,
1829 3402 1980 3463 nata
2029 3418 2064 3462 e
2116 3396 2386 3463 lectione
2435 3395 2715 3464 Medicei

324 3508 436 3568 aut
483 3502 826 3587 depravata
872 3508 984 3567 aut
1032 3502 1201 3569 male
1249 3502 1608 3587 intellecta,
1660 3502 1867 3567 veluti
1919 3501 2036 3587 39,
2087 3502 2212 3580 42,
2255 3502 2298 3567 2
2341 3523 2454 3588 pro
2497 3502 2712 3580 ὅμοίως

324 3608 540 3674 medio
586 3628 775 3673 versu
819 3607 1009 3684 ὁμοί
1050 3607 1329 3696 legitur,
1376 3608 1545 3693 quod
1590 3610 1658 3673 in
1706 3606 1996 3675 Mediceo
2037 3610 2106 3673 in
2146 3629 2368 3675 versus
2410 3607 2532 3675 fine
2555 3610 2714 3675 faci-

322 3712 455 3779 lem
512 3713 705 3779 habet
766 3711 1254 3797 explicationem
1277 3763 1296 3794 ,
1361 3733 1548 3782 versu
1605 3716 1780 3779 enim
1843 3714 2130 3799 sequenti
2188 3713 2488 3779 librarius
2537 3714 2714 3781 aliud

324 3840 520 3905 agens
585 3843 660 3891 ως
720 3818 949 3884 addere
1012 3818 1253 3886 oblitus
1298 3827 1429 3907 est3
1479 3826 1544 3885 et
1593 3820 1717 3905 46,
1767 3818 1892 3903 23,
1943 3820 1982 3885 5
2029 3821 2095 3883 in
2143 3816 2366 3886 Caleni
2411 3819 2490 3886 ad
2537 3817 2715 3886 Cice-

324 3945 543 3991 ronem
592 3926 805 3989 verbis
851 3924 1053 3991 καίτοι
1102 3924 1271 4007 πόσῳ
1320 3934 1592 4007 κρεῖττον
1640 3922 1708 4001 ἦν
1759 3925 1900 3991 τότε
1949 3924 2138 3989 αὐτὸν
2187 3927 2499 3991 ἀντειπεῖν
2545 3924 2715 4006 εἴπερ

324 4054 381 4096 τι
449 4030 651 4095 αὐτῶν
695 4030 851 4107 pust
873 4054 901 4095 ε
950 4028 985 4095 ὅ
996 4056 1025 4096 ν
1047 4056 1190 4105 τως
1242 4033 1529 4111 ἐγίγνετο
1578 4034 1904 4097 invenitur
1949 4050 2062 4116 pro
2113 4032 2200 4109 μὲ
2251 4030 2496 4104 δεόντως
2545 4030 2716 4117 quod

324 4136 625 4201 librarius
648 4134 920 4202 Medicei
938 4185 955 4215 ,
982 4140 1094 4223 qui
1119 4140 1487 4222 saepissime
1514 4140 1704 4203 unius
1728 4136 2024 4204 vocabuli
2049 4136 2334 4224 syllabas
2359 4138 2676 4227 disiungit
2693 4187 2713 4223 ,

326 4240 662 4330 coniungit
720 4241 1157 4320 diversorum,
1204 4264 1321 4311 suo
1365 4264 1544 4311 more
1594 4246 1928 4329 scripserat
1976 4244 2177 4319 μηδε
2227 4241 2512 4328 ὄντως
2559 4243 2720 4309 adde

325 4348 637 4413 lemmata
673 4346 965 4415 Mediceo
998 4350 1066 4413 in
1104 4352 1399 4437 margine
1440 4356 1726 4435 tempore
1769 4348 1978 4415 multo
1999 4352 2342 4417 recentiore
2364 4350 2681 4436 adscripta
2699 4398 2715 4430 ‚

324 4476 363 4520 a
423 4452 715 4521 Vaticani
775 4454 984 4520 scriba
1048 4454 1321 4522 fideliter
1384 4455 1691 4522 translata
1749 4461 1854 4537 (ut
1915 4456 1996 4521 ad
2061 4454 2180 4534 36,
2229 4452 2318 4521 25
2369 4455 2713 4537 δημηγορία
