3436 5161
646 444 655 455 ,
686 373 820 444 860
1540 394 1813 445 mvms
1853 380 2214 445 sosarmus.⁸

773 562 991 647 Antiq.
1040 559 1101 627 5.
1150 559 1211 627 6.
1264 558 1345 626 3:
1388 563 1497 636 την
1542 562 1909 639 ἀνθρωπίνην
1957 562 2148 641 Φύσιν
2201 560 2828 643 αὖτοφίλαυτον
2876 556 3066 627 οὖσαν

681 668 931 753 ἐδήλου,
994 688 1117 735 non
1180 666 1413 734 sufficit
1476 668 1643 755 quod
1710 668 2040 734 Bekkerus
2101 669 2304 735 edidit
2352 672 2564 750 αὐτῷ
2612 670 3070 749 φίλαυτον·

680 778 1026 861 requiritur
1087 777 1256 840 enim
1322 774 1447 839 ais)
1511 776 1947 856 φίλαυτον.
2021 772 2167 842 Non
2225 778 2436 865 magis
2484 776 2653 842 mihi
2697 796 2843 841 cum
2893 774 3066 841 Bek-

680 882 835 948 kero
880 885 1172 947 convenit
1216 880 1434 965 Antiq.
1486 880 1548 946 5.
1604 879 1664 946 7.
1718 880 1762 947 8
1785 928 1802 962 ,
1851 883 1962 947 ubi
2011 882 2088 949 de
2135 886 2417 949 exercitu
2462 903 2669 949 sermo
2704 889 2832 959 est,
2872 901 3098 969 quem,

679 985 959 1073 Jephtha
1019 988 1264 1055 alebat:
1324 984 1619 1069 ςρατιάν,
1688 984 1757 1063 ἣν
1821 990 2074 1069 ἔτρεφεν
2121 990 2310 1062 αὐτὸς
2365 990 2903 1071 μισθοφορῶν,
2951 988 3068 1053 ubi

694 1091 1059 1177 μισθοφόρον
1105 1092 1397 1161 Bekkero
1439 1092 1720 1180 placuit,
1767 1094 1930 1159 mihi
1976 1104 2194 1163 autem
2237 1096 2744 1175 μισθοδοτῶν.

772 1310 1068 1377 Primum
1114 1315 1243 1377 tres
1288 1309 1460 1377 locos
1504 1309 1851 1395 conferam,
1891 1312 2002 1396 qui
2041 1312 2486 1378 monstrabunt
2509 1310 2825 1399 quomodo
2847 1330 3064 1377 emen·-

682 1416 963 1483 dandum
1023 1437 1157 1483 esse
1226 1418 1589 1481 existimem
1649 1418 1870 1503 Antiq.
1921 1418 1980 1482 5.
2033 1417 2100 1485 2.
2147 1418 2212 1485 8.
2283 1418 2556 1508 Legitur
2609 1420 2826 1506 Antiq.
2879 1418 2941 1483 5.
2977 1416 3061 1482 8.

684 1526 761 1593 l:
828 1524 1135 1606 δυσφορῶν
1192 1524 1293 1589 ἐπὶ
1355 1533 1433 1606 τῇ
1495 1522 1802 1608 ἀπαιδία,
1865 1524 1928 1589 6.
1997 1526 2060 1592 1.
2127 1526 2196 1590 l:
2264 1526 2761 1607 δυσφορήσαντες
2826 1527 2926 1591 ἐπὶ
2975 1524 3062 1605 τᾷ

682 1632 1074 1711 γεγενημένῳ
1124 1636 1188 1696 et
1238 1629 1296 1698 ’7.
1348 1630 1407 1693 4.
1460 1632 1540 1696 2:
1591 1628 2013 1711 ἐδυσφόρησαν
2061 1632 2162 1697 ἐπὶ
2209 1635 2292 1713 τῶ
2341 1635 2605 1715 θανάτῳ.
2685 1632 2874 1699 Nunc
2921 1652 3064 1697 oon-

681 1736 843 1802 ferat
904 1736 1069 1801 mihi
1128 1736 1271 1821 quis
1321 1738 1536 1821 Antiq.
1591 1737 1654 1801 5.
1703 1736 1766 1801 2.
1817 1735 1860 1801 8
1878 1782 1897 1813 ,
1949 1737 2280 1803 historiam
2325 1739 2590 1806 Levitae
2637 1762 2788 1807 oum
2833 1759 3066 1805 conou-

682 1844 835 1909 bina
878 1859 1027 1908 sua:
1090 1846 1166 1913 ὣς
1218 1842 1281 1907 δὲ
1329 1842 1798 1916 τελευτήσασαν
1845 1840 2110 1921 ἔμαθεν,
2171 1849 2595 1926 σωφρονῶν
2643 1847 2786 1927 πρὸς
2836 1849 2906 1913 τὸ
2953 1844 3067 1923 μέ·

682 1950 858 2027 γεθος
906 1955 1023 2014 τῶν
1070 1954 1269 2015 κακῶν
1316 1948 1659 2023 ἐπιθέμενος
1708 1950 1796 2033 ,τῷ
1845 1950 2046 2024 κτήνει
2097 1952 2309 2029 νεκρὰν
2354 1954 2465 2027 τὴν
2511 1962 2786 2031 γυναῖκα
2828 1954 3066 2035 κομίζει

682 2056 825 2135 πρὸς
874 2055 1113 2121 ἑαυτόν.
1161 2055 1494 2135 Σωφρόνως
1542 2053 1814 2121 ridicula
1861 2056 2321 2142 propemodum
2355 2067 2452 2125 est
2491 2060 2768 2127 Bekkeri
2791 2062 3068 2148 suspicio

682 2166 749 2228 et
794 2161 1201 2227 commendo:
1248 2162 1579 2244 δυσφορῶν.

772 2372 1073 2461 SampsO,
1122 2381 1198 2442 ut
1242 2388 1339 2441 est
1385 2374 1601 2462 Antiq.
1652 2374 1715 2441 5.
1766 2373 1832 2442 8.
1882 2375 1959 2443 63
2028 2376 2442 2460 ἐπιτυγχάνει
2488 2381 2704 2458 σμήνει
2753 2386 3066 2459 μελιττῶν

683 2482 745 2549 ἔν
792 2486 875 2565 τῷ
928 2485 1092 2559 ςήθει
1130 2486 1236 2548 τοῦ
1276 2483 1515 2553 λέοντος
1564 2484 2229 2551 νενοσσευκότων.
2278 2485 2501 2573 Neque
2540 2486 2660 2555 hoe
2683 2508 2910 2555 verum
2934 2494 3065 2567 est,

680 2609 799 2660 neo
860 2597 1345 2670 νενοσσευκυιῶν,
1405 2591 1513 2657 sed
1574 2591 2058 2658 νενοσσευκό
2071 2616 2168 2659 τι.
2240 2593 2408 2662 Vide
2476 2593 2694 2682 Antiq.
2759 2575 2938 2663 6.1.
2991 2599 3066 2664 l:

684 2705 851 2777 μυῶν
899 2700 1125 2777 πλῆθος
1171 2698 1419 2764 ἀνελθὸν
1466 2698 1535 2763 ἐκ
1581 2704 1692 2773 τῆς
1742 2707 1884 2777 γῆς.

771 2915 957 2984 Nihil
1000 2913 1320 3005 signifieat
1366 2912 1429 2980 5.
1481 2915 1588 2982 11.
1632 2916 1711 2982 3:
1769 2912 2108 2998 συνέχει
2156 2915 2284 2995 γὰρ
2332 2915 2552 2988 ἱκανῶς
2601 2916 2686 2982 τὸ
2733 2917 2908 3000 παρὰ
2953 2917 3067 2992 τήν

680 3024 1041 3106 προσδοκίαν
1088 3021 1477 3103 συντυχόντα
1525 3022 1711 3090 δεινοὶ.
1783 3022 1886 3089 Ad
1930 3041 2148 3089 veram
2191 3023 2573 3108 scripturam
2614 3023 3063 3090 inveniendam

682 3131 949 3198 eonferri
991 3129 1225 3218 poterit
1269 3128 1489 3214 Antiq.
1538 3127 1598 3194 6.
1645 3129 1705 3197 ’7.
1750 3129 1822 3193 4:
1881 3132 2064 3195 ταῦτ’
2111 3130 2380 3202 ἀκούσας
2429 3131 2460 3194 ὃ
2507 3132 2877 3206 Σαμούηλος
2921 3153 3060 3196 συν-

679 3239 903 3320 εχύθη,
968 3237 1074 3305 vel
1136 3233 1357 3322 antiq:
1406 3236 1465 3304 ’7.
1515 3235 1570 3301 1.
1616 3233 1695 3301 6:
1737 3233 1923 3309 οὕτως
1971 3235 2156 3301 αὐτὸν
2203 3235 2232 3301 ὃ
2279 3235 2614 3318 ’Λβενήρου
2660 3239 2913 3319 συνέχεε
2952 3236 3061 3303 θεέ·

678 3366 891 3423 νατος,
939 3343 1043 3412 vel
1082 3345 1296 3428 Antiq.
1341 3344 1447 3409 11.
1491 3341 1553 3410 6.
1600 3339 1717 3407 10:
1761 3343 1871 3418 τήν
1909 3341 2174 3408 διάνοιαν
2221 3343 2548 3426 συνεχύθη.
2599 3343 2820 3431 Itaque
2844 3347 3064 3411 reseri-

673 3451 957 3519 bendum
1004 3456 1103 3517 est
1148 3472 1302 3528 συγ
1318 3473 1371 3530 χ
1392 3457 1471 3514 εἴ
1509 3468 1817 3535 saepeque
1861 3449 2335 3515 confunduntur
2379 3449 2550 3532 ἔχειν
2585 3459 2652 3518 et
2687 3459 2866 3537 κεῖν,
2890 3449 3060 3537 quod

676 3559 759 3626 ad
804 3557 1227 3626 Heliodorum
1274 3555 1518 3624 ostendi
1560 3559 1632 3622 in
1676 3555 1922 3624 Mnem.
1973 3555 2100 3623 XII
2149 3556 2302 3624 344.

767 3771 974 3859 Supra
1032 3769 1169 3837 dixi
1228 3767 1578 3854 Josephum
1597 3815 1615 3846 ,
1680 3787 1880 3852 quum
1935 3766 2314 3855 plerumque
2357 3770 2513 3836 satis
2556 3769 2766 3836 facilis
2811 3775 2906 3837 est
2923 3817 2944 3850 ‚
2985 3773 3056 3836 in

674 3881 1019 3968 posteriore
1080 3881 1259 3963 parte
1321 3876 1803 3960 Antiquitatum
1867 3878 1966 3940 uti
2028 3896 2316 3942 sermone
2377 3897 2570 3964 supra
2627 3898 2822 3963 quam
2885 3878 3056 3944 credi

674 3988 871 4073 possit
916 3983 1215 4072 perplexo
1260 3987 1325 4048 et
1370 3987 1689 4058 tortuoso,
1739 3981 1907 4065 quod
1954 3980 2212 4048 difficile
2256 3982 2418 4048 foret
2457 3983 2537 4049 ad
2573 3983 3048 4068 explicandum,

673 4095 804 4158 nisi
862 4094 1020 4157 satis
1067 4092 1391 4175 appareret
1438 4088 1661 4172 utique
1704 4087 1774 4152 in
1821 4087 2300 4174 Antiquitatum
2345 4087 2529 4156 libris
2575 4089 2614 4156 J
2617 4091 2927 4178 osephum
2973 4092 3050 4159 ab

676 4197 822 4266 aliis
865 4195 1077 4262 multa
1119 4193 1523 4279 impudenter
1568 4193 1849 4259 furatum
1899 4215 2032 4262 esse
2077 4217 2150 4262 ao
2189 4197 2317 4264 fere
2359 4197 2438 4262 ad
2477 4198 2743 4264 verbum
2783 4199 3052 4284 deseri-p·

677 4307 853 4371 sisse.
903 4303 1027 4370 Sed
1074 4307 1223 4367 tuno
1269 4299 1677 4365 ostendebam
1727 4319 1918 4384 quam
1959 4304 2120 4368 mire
2155 4306 2224 4368 in
2261 4304 2394 4372 illis
2433 4302 2616 4370 libris
2640 4308 3050 4391 participium

673 4410 879 4478 futuri
925 4410 1225 4494 temporis
1271 4408 1692 4494 usurpaverit.
1743 4404 1978 4473 Contra
2017 4409 2282 4474 verbum
2322 4421 2420 4476 est
2442 4406 2614 4488 οἶμαι
2633 4457 2651 4491 ,
2677 4411 2844 4497 quod
2867 4432 3050 4498 saepe

675 4517 1027 4585 sententiae
1071 4514 1173 4582 διὰ
1212 4515 1401 4592 μέσου
1442 4515 1887 4600 interponitur.
1935 4512 2040 4580 Fit
2079 4513 2197 4581 hoo
2229 4517 2298 4582 in
2332 4515 2514 4585 Bello
2535 4516 2574 4584 J
2579 4519 2803 4585 udaieo
2827 4521 3049 4585 sexies.
