3436 5161
731 335 888 416 ’420
1778 371 2095 424 nemus.

749 544 1003 624 possent
1047 558 1086 604 a
1129 541 1539 606 nominativis
1585 537 1736 620 ἦμες
1788 539 2051 630 (ἄμμες)
2102 547 2167 609 et
2210 539 2363 621 ὗμες
2408 542 2672 628 (ὔμμες)
2688 563 2709 621 ,·
2764 561 2961 606 nunc
3022 560 3165 606 vero

752 667 899 712 cum
967 646 1164 712 semel
1225 651 1290 712 et
1347 649 1582 714 iterum
1629 649 1898 715 totidem
1946 650 2151 715 literis
2197 648 2493 736 legantur
2539 651 2607 714 in
2658 653 2851 714 textu
2904 643 3164 713 Home-

751 755 916 830 rico,
962 755 1333 841 impugnari
1377 775 1499 820 non
1543 763 1808 840 possunt
1829 803 1846 835 ‚
1892 777 2093 841 neque
2138 755 2361 821 dubito
2408 758 2610 842 igitur
2650 758 2805 840 quin
2836 755 2929 818 iis
2960 753 3163 836 locis,

749 859 863 923 ubi
908 881 1074 924 nunc
1122 881 1230 946 per
1275 864 1588 948 synizesin
1635 866 2086 948 pronunciatur
2134 861 2367 956 ἡμέας,
2418 859 2646 951 ὑμξςις,
2699 859 2963 948 σφέας,
2998 859 3161 926 olim

752 963 1066 1032 breviores
1111 965 1260 1032 illae
1307 973 1371 1030 et
1416 969 1800 1053 antiquiores
1850 971 2089 1037 formae
2134 971 2369 1036 fuerint
2416 968 2755 1034 adhibitae.

847 1071 1026 1153 Quod
1071 1074 1127 1137 si
1173 1094 1396 1138 verum
1445 1080 1575 1151 est,
1625 1073 1823 1162 ἡμέας
1874 1077 1939 1141 in
1989 1073 2154 1154 ἧμας
2202 1083 2297 1142 est
2344 1075 2727 1140 mutandum
2770 1083 2830 1138 Θ
2858 1071 3007 1137 211
3032 1121 3051 1150 ,
3098 1080 3155 1137 N

757 1178 917 1257 114,
967 1189 1018 1244 ‘r
1073 1177 1237 1264 135,
1285 1182 1334 1260 β
1385 1179 1550 1259 330,
1602 1181 1637 1246 δ
1685 1182 1846 1258 452,
1902 1183 1943 1266 ζ
1989 1181 2159 1270 297,
2209 1208 2228 1249 ι
2270 1181 2438 1260 545,
2486 1207 2533 1246 π
2578 1179 2747 1258 319,
2795 1178 3161 1265 385,qui-

753 1284 871 1351 bus
929 1285 1085 1351 locis
1147 1290 1432 1372 sequitur
1489 1289 1674 1354 litera
1734 1311 2036 1370 consona,
2088 1295 2153 1356 et
2199 1297 2517 1376 praeterea
2561 1289 2769 1353 tribus
2816 1287 2991 1353 locis
3043 1287 3159 1352 ubi

752 1391 820 1458 in
868 1413 1086 1458 versus
1133 1397 1308 1458 exitu
1354 1393 1629 1482 legitur,
1680 1417 1911 1483 nempe
1958 1396 1993 1461 δ
2042 1395 2207 1474 652,
2259 1421 2277 1460 ι
2330 1395 2446 1472 43,
2496 1395 2653 1460 251.

843 1497 955 1564 Bis
998 1519 1148 1565 vero
1195 1499 1272 1564 de
1320 1501 1565 1568 duobus
1610 1501 1851 1590 legitur
1898 1503 2134 1590 ἧμέςςς
2182 1503 2315 1570 illis
2360 1505 2566 1591 igitur
2610 1501 2907 1568 versibus
2958 1497 3152 1577 ἄμμε

752 1607 964 1692 potius
1009 1612 1105 1671 est
1149 1605 1513 1694 legendum.
1585 1607 1873 1688 Quorum
1927 1608 2213 1676 locorum
2262 1612 2432 1695 prior
2478 1608 2829 1674 admodum.
2878 1613 2987 1672 est
3034 1627 3153 1672 no-

753 1711 1002 1789 tabilis,
1053 1711 1086 1775 δ
1130 1711 1278 1778 178.
1342 1712 1620 1802 Vulgata
1667 1717 1837 1781 enim
1890 1715 2182 1782 exhibet:

1814 1821 1947 1886 οὐδέ
1996 1847 2096 1888 κεν
2144 1822 2402 1901 ἡμέας

1180 1925 1340 1992 ἄλλο
1387 1921 1678 2009 διέκρινεν
1709 1927 1997 2010 φιλέοντέ
2044 1952 2113 1994 τε
2162 1929 2507 2008 τερπομένω
2553 1951 2657 2012 τε,

753 2036 862 2102 sed
921 2034 1304 2101 Plutarchus
1369 2035 1462 2100 bis
1507 2035 1676 2100 hunc
1722 2056 1977 2102 versum
2032 2036 2291 2102 afferens
2335 2036 2553 2102 scribit
2602 2032 2735 2098 οὐδὲ
2788 2057 2895 2098 κεν
2942 2031 3149 2097 ἄλλο

753 2139 796 2207 ἄ
815 2165 975 2218 μμε
1025 2139 1338 2224 διέκρινεν,
1387 2145 1450 2206 et
1497 2139 1650 2206 haec
1696 2161 1845 2207 vera
1891 2163 2023 2207 esse
2070 2142 2323 2208 videtur
2368 2139 2577 2206 lectio.
2628 2139 2755 2205 Vix
2788 2141 3145 2224 quicquam

753 2246 1050 2314 differunt
1095 2255 1279 2313 AME
1331 2253 1396 2312 et
1441 2256 1682 2314 AAAO
1705 2296 1723 2326 ‚
1780 2252 1844 2314 et
1898 2250 2134 2334 requiri
2178 2248 2432 2314 dualem
2479 2266 2831 2312 numerum
2880 2253 3065 2332 patet
3112 2268 3149 2312 e

754 2356 1106 2441 participiis
1150 2355 1435 2436 Φιλέοντε
1484 2359 1549 2420 et
1599 2353 1966 2436 τερπομένω.

845 2461 1028 2530 Alter
1069 2461 1248 2530 locus
1294 2466 1389 2527 est
1435 2485 1466 2524 ν
1511 2459 1678 2528 2693

1638 2568 1771 2635 οὐδέ
1818 2594 1911 2642 τις
1963 2567 2161 2648 ἡμέας
2212 2568 2382 2657 (lege
2427 2565 2637 2649 ἄμμε)

1183 2676 1500 2758 ανθρώπων
1546 2675 1771 2750 ἐνόησε.

843 2826 1168 2895 Secundae
1229 2849 1525 2915 personae
1587 2832 1985 2895 accusativus
2032 2828 2300 2915 pluralis
2352 2829 2547 2915 ὑμᾳς
2598 2836 2906 2911 sequente
2950 2826 3137 2891 litera

753 2956 1022 3004 consona
1065 2940 1377 3022 reperitur
1421 2937 1627 3002 tribus
1673 2937 1994 3022 Odysseae
2040 2934 2227 3011 locis,
2279 2963 2329 3013 μ
2384 2934 2545 3013 163,
2590 2944 2646 3019 φ
2702 2932 2867 3016 198,
2908 2960 2949 2996 ω
2976 2930 3129 2996 396.

753 3040 1041 3107 Secundo
1089 3064 1274 3108 versu
1321 3043 1398 3107 de
1444 3043 1614 3108 binis
1659 3043 2027 3108 hominibus
2072 3063 2281 3109 sermo
2328 3048 2456 3126 est,
2503 3043 2597 3107 ita
2643 3048 2719 3105 ut
2764 3040 2941 3117 ὔμμε
2978 3041 3134 3103 scri-

753 3148 1032 3215 bendum
1080 3169 1212 3214 esse
1257 3155 1588 3236 appareat:

842 3260 897 3334 Φ
951 3253 1115 3320 198:
1163 3255 1390 3319 rein-affl
1435 3252 1594 3329 ὅπως
1643 3254 1840 3333 ὑμέας
1888 3255 2118 3342 (ὔμμε)
2165 3257 2375 3336 κραδίη
2428 3252 2611 3331 θυμός
2656 3278 2727 3317 τε
2777 3252 3024 3317 κελεύει

754 3381 980 3446 nempe
1025 3362 1345 3425 Emnaeum
1392 3370 1448 3427 et
1493 3364 1871 3427 Philoetium.
1922 3360 2201 3429 Caeteris
2247 3364 2415 3429 binis
2458 3362 2613 3429 loeis
2649 3359 2865 3425 allatis
2888 3360 2969 3445 (μ
2998 3358 3127 3423 163

754 3473 818 3533 et
865 3490 908 3530 ω
957 3465 1119 3556 396)
1165 3464 1332 3545 ὖμας
1380 3469 1781 3534 scribendum
1830 3476 1959 3545 est,
2006 3472 2062 3534 si
2102 3468 2254 3553 quid
2298 3468 2469 3536 valet
2491 3468 2815 3554 analogia3
2841 3470 3129 3551 itemque

752 3572 802 3655 β
847 3572 1017 3652 210,
1083 3575 1194 3639 ubi
1241 3581 1386 3640 ante
1435 3596 1756 3639 caesuram
1806 3574 2044 3659 legitur
2092 3574 2324 3665 ὑμέας,
2374 3596 2519 3641 nam
2566 3574 2683 3639 hoc
2728 3572 2867 3638 loco
2916 3573 3131 3637 brevis

752 3680 1002 3769 syllaba
1062 3703 1172 3752 -ας
1234 3700 1346 3765 pro
1413 3680 1608 3769 longa
1671 3682 1940 3746 habetur
2006 3702 2081 3747 ex
2142 3685 2211 3748 vi
2272 3685 2440 3747 ictus
2490 3686 2553 3745 et
2599 3700 2888 3748 caesurae
2910 3726 2925 3757 ,
2974 3688 3125 3745 noto

753 3809 928 3854 mors
972 3787 1337 3854 Homerico.

841 3938 1057 4005 Tertia
1116 3939 1322 4005 forma
1367 3938 1571 4027 σφέας
1625 3939 1867 4028 legitur
1913 3940 2244 4006 duodecim
2292 3938 2446 4005 locis
2492 3943 2636 4006 ante
2680 3938 2937 4005 literam
2983 3958 3125 4004 con·

751 4066 1006 4123 sonam,
1051 4066 1282 4130 nempe
1329 4056 1370 4109 B
1400 4044 1568 4123 366,
1618 4044 1781 4122 704,
1824 4057 1877 4109 Δ
1906 4046 2067 4123 284,
2112 4044 2277 4123 337,
2322 4055 2369 4109 Κ
2400 4044 2557 4129 191,
2605 4043 3123 4130 0145,Ψ235,

752 4152 786 4217 δ
814 4149 931 4229 77,
981 4178 1018 4218 κ
1046 4150 1214 4229 430,
1267 4150 1485 4229 ν213,
1535 4150 1701 4236 276,
1753 4178 1795 4216 ω
1823 4148 1988 4228 389;
2039 4162 2101 4217 et
2150 4154 2245 4218 bis
2286 4172 2542 4219 versum
2586 4150 2859 4235 claudit,
2896 4172 3125 4237 nempe

631 4274 637 4282 ·
753 4268 797 4323 Β
823 4253 909 4321 96
961 4264 1024 4321 et
1070 4257 1279 4323 0480.
1353 4256 1664 4323 Omnibus
1711 4261 1915 4346 igitur
1961 4259 2062 4323 his
2109 4256 2259 4325 locis
2306 4262 2681 4324 restituatur
2727 4264 2926 4337 σφας.

839 4364 1024 4430 Binis
1087 4364 1230 4428 aliis
1292 4363 1448 4429 locis
1510 4365 1586 4429 de
1634 4365 1878 4431 duobus
1924 4374 2261 4451 usurpatur
2312 4372 2554 4454 σφεας,
2604 4365 2696 4429 ibi
2745 4367 2954 4451 igitur
3002 4372 3126 4443 σφε

750 4477 843 4537 est
889 4469 1369 4556 corrigendum:
