3436 5161
656 343 791 410 254
1688 363 1999 414 eamus.

747 525 1030 596 Galenus
1092 532 1226 616 ipse
1291 530 1631 616 pollicetur
1691 553 1825 598 sese
1890 532 1957 598 id
2012 552 2079 597 re
2125 532 2263 618 ipsa
2308 551 2443 598 esse
2488 533 3039 596 monstraturum:

650 631 781 714 περὶ
848 635 1074 701 τούτων
1135 631 1306 714 οἶμαι
1368 637 1444 702 δι’
1507 638 1709 702 αὐτῶν
1773 643 1889 704 τῶν
1948 636 2137 719 ἔργων
2194 635 2510 714 ἐπιδείξειν
2576 637 2784 714 ὀλίγον
2832 633 3039 716 ὅςερον

650 738 808 822 άπερ
854 743 976 823 χρὴ
1025 742 1166 822 δρᾶν
1187 790 1204 820 ,
1253 743 1363 808 sed
1409 744 1578 830 quod
1623 743 1959 830 pollicetur
2004 765 2129 810 non
2176 744 2496 830 praestitit
2546 749 2611 810 et
2656 763 2781 808 non
2820 743 3041 808 minus

646 850 716 916 in
761 849 864 914 his
911 869 1102 935 quam
1149 852 1219 914 in
1266 852 1529 916 caeteris
1575 857 1672 916 est
1722 851 1947 916 infelix
1995 855 2323 918 corrector.

743 954 956 1030 Quam
1021 957 1192 1020 cauti
1255 961 1320 1020 et
1380 957 1827 1043 circumspecti
1881 958 2119 1023 fuerint
2166 959 2233 1021 in
2282 977 2357 1022 ea
2401 978 2468 1022 re
2514 955 2780 1022 Veteres
2816 955 3042 1024 scribit

651 1061 1059 1127 memorabili
1119 1061 1256 1127 loco
1315 1061 1504 1156 lfom.
1563 1062 1710 1128 VII.
1776 1084 1922 1151 pag.
1987 1061 2158 1130 892:
2221 1061 2401 1128 άλλά
2445 1087 2538 1134 τις
2586 1063 2704 1129 τῶν
2751 1067 3041 1126 παλαιῶν

651 1165 1140 1250 βιβλιογράφων
1202 1165 1473 1248 ἥμαρτεν
1537 1167 1728 1234 ἔπειθ’
1789 1167 1977 1242 οὕτως
2043 1168 2188 1249 ἔχον
2250 1166 2521 1248 ἔφθασεν
2589 1169 2897 1240 ἐκδοθῆναι
2966 1166 3038 1232 τὸ

650 1274 942 1354 βιβλίον,
1007 1273 1341 1356 ἐφυλάχθη
1402 1298 1472 1339 τε
1533 1275 1777 1348 εἰκότως
1844 1275 2033 1358 μέχρι
2094 1276 2257 1356 δεῦρο
2322 1277 2487 1340 τοῦτ’
2552 1274 2708 1340 αὐτὸ
2752 1273 3039 1356 σφάλμα

652 1387 824 1447 τινῶν
869 1383 982 1462 μὲν
1031 1381 1333 1463 ὀλιγώρως
1382 1383 1753 1460 ὁμιλούντων
1791 1391 1917 1454 τοῖς
1960 1388 2076 1448 τῶν
2120 1389 2405 1450 παλαιῶν
2440 1377 2716 1462 βιβλίοις
2756 1384 2832 1454 ὥς
2876 1381 3039 1457 μήτε

652 1491 704 1554 εἴ
765 1489 968 1554 λείπει
1031 1512 1092 1554 τι
1158 1488 1323 1567 μήτε
1385 1491 1436 1554 εἰ
1506 1489 1582 1554 δι’
1635 1489 1833 1569 ἑτέρου
1884 1489 2268 1570 γράμματος
2317 1488 2548 1568 εἴρηται
2598 1485 2921 1568 γνωρίζειν.
2970 1487 3037 1552 οὗ

651 1595 778 1678 γὰρ
827 1597 898 1671 δὴ
945 1596 1159 1674 ὁμοίως
1205 1603 1333 1668 τοῖς
1385 1600 1483 1661 νῦν
1531 1596 1582 1660 οί
1623 1595 1874 1677 πρόσθεν
1918 1597 2194 1678 εὐχερεῖς
2238 1591 2393 1669 ἦσαν
2436 1595 2557 1661 οὐδ’
2585 1593 2811 1671 ἕτοιμοι
2836 1617 3037 1674 παρα-

652 1701 924 1783 γράφειν
969 1701 1141 1790 (lege
1189 1701 1740 1794 Μ6ΤΛγράφειν)
1788 1704 2074 1768 παλαιάν
2122 1701 2287 1780 λέξιν
2326 1701 2617 1774 ὡσαύτως
2660 1697 3037 1780 γεγραμμέ-

654 1832 754 1884 νην
815 1810 876 1874 ἐν
933 1805 1138 1874 ἅπασι
1187 1816 1314 1880 τοῖς
1361 1809 1811 1890 ἀντιγράφοις,
1860 1811 2009 1874 άλλ’
2060 1809 2552 1887 ἐπισημήνασθαι
2598 1807 2777 1885 μόνον
2826 1808 3037 1878 αὐτοῖς

652 1915 854 1981 ἱκανὸν
919 1911 986 1990 ἦν
1050 1915 1126 1985 ὥς
1193 1915 1460 1980 ἐνταῦθα
1523 1919 1638 1993 μὲν
1703 1916 2002 1994 ἐλλιπῶς,
2071 1916 2130 1978 ἕν
2182 1917 2265 1998 τῷ
2313 1913 2467 1996 ἕκτῳ
2514 1915 2579 1980 δὲ
2626 1920 2743 1978 τῶν
2790 1913 3039 1989 Ἐπιδη·

652 2021 805 2098 μίων
855 2017 1078 2089 τελέως
1129 2020 1161 2093 ἦ
1209 2020 1493 2099 διαίρεσις
1543 2020 1935 2100 γέγραπται.
2005 2021 2217 2097 Quam
2266 2022 2440 2086 cauti
2494 2021 2743 2088 Veteres
2788 2020 3039 2086 fuerant

654 2139 792 2192 tam
840 2129 1158 2191 temerarii
1205 2127 1462 2192 fuerunt
1510 2130 1919 2206 recentiores,
1971 2130 2081 2212 qui
2128 2148 2253 2213 qua
2298 2127 2559 2193 licentia
2602 2129 2875 2215 grassati
2910 2129 3039 2192 sint

654 2232 722 2298 in
767 2233 1020 2317 scriptis
1067 2234 1474 2318 antiquorum
1525 2233 1811 2302 Galenus
1856 2237 2095 2321 passim
2144 2235 2343 2300 docet.
2406 2233 2623 2299 Unum
2666 2233 3036 2319 exemplum

650 2339 800 2406 vide
860 2337 1045 2405 Tom.
1107 2339 1324 2406 XVII.
1393 2340 1452 2405 l.
1516 2361 1664 2428 pag.
1734 2339 1937 2406 1005:
2010 2339 2315 2413 πολλάκις
2374 2336 2541 2406 εἷπον
2601 2341 2660 2404 ἕν
2710 2339 2903 2420 τούτῳ
2949 2339 3035 2418 τῷ

651 2443 886 2525 βιβλίῳ
949 2445 1170 2525 μυρίας
1237 2441 1392 2511 εἶναι
1467 2447 1729 2528 γραφάς
1802 2447 1903 2514 διαὶ
1974 2448 2085 2522 την
2152 2446 2477 2528 α’σάφειαν
2544 2444 2754 2511 ἄλλων
2824 2443 3037 2518 ἄλλως

654 2553 856 2627 αὐτας
919 2551 1314 2635 ῥυθμιζόντων
1377 2555 1453 2628 ὦς
1523 2552 1628 2619 ἂν
1661 2553 1859 2637 ἑκάςῳ
1926 2550 2069 2637 δέξῃ
2124 2554 2193 2619 τὸ
2242 2562 2353 2629 τῆς
2403 2551 2745 2633 ἐξηγήσεως
2792 2549 3033 2618 ἔσεσθαι

644 2659 915 2725 πιθανόν.
988 2659 1186 2725 Vetus
1249 2666 1382 2725 erat
1442 2659 1634 2727 lectio
1681 2661 1871 2726 haec:
1922 2661 2246 2739 Συνεκρίθη
2296 2660 2513 2735 συνέςη
2563 2658 2837 2739 ὀξύτερον
2886 2660 3027 2735 ἐμο-

650 2766 830 2843 λύνθη
898 2767 1000 2831 καὶ
1065 2764 1434 2847 βραδύτερον
1483 2766 1747 2842 αὔξεται
1795 2766 1900 2831 καὶ
1952 2767 2053 2832 ἐπὶ
2104 2767 2298 2832 πλείω
2344 2766 2575 2848 χρόνον.
2648 2766 2818 2833 Vide
2844 2786 3034 2847 ⁴nune

650 2872 876 2941 Gritici
923 2874 1077 2959 quid
1125 2874 1631 2962 designaverint:
2880 2872 2887 2878 ’

743 2980 974 3057 ἐξεῖλον
1023 2982 1075 3047 ol
1123 2988 1364 3048 πλεῖς-οι
1415 2982 1532 3045 τῶν
1581 2980 1871 3061 νεωτέρων
1919 2982 1987 3047 τὸ
2039 2983 2576 3046 ἘΜΟΛΤΝΘΗ.

744 3089 900 3160 τινὲς
949 3088 1012 3152 δὲ
1060 3086 1166 3152 καὶ
1217 3088 1300 3166 τῷ
1351 3093 1740 3152 ΚΙΝΗΘΕΝ
1790 3085 2162 3167 προσέθηκαν
2208 3087 2277 3151 τὸ
2326 3093 2913 3151 ΒΡΛΔΤΤΕΡΟΝ.

743 3196 899 3266 τινὲς
948 3194 1010 3260 δὲ
1057 3194 1126 3258 τὸ
1177 3202 1322 3259 ΚΑΙ
1373 3202 1520 3259 AIA
1571 3201 1875 3259 ΤΟΤΤΟ
1925 3194 2283 3273 προῦταξαν
2330 3198 2440 3265 τῆς
2488 3192 2732 3269 λέξεως.

651 3303 846 3369 Estne
907 3301 1026 3367 hoc
1087 3300 1374 3365 criticam
1433 3305 1637 3365 artem
1683 3320 1968 3366 exercere
2014 3320 2093 3365 an
2140 3300 2243 3386 (ut
2289 3296 2510 3365 Cicero
2556 3298 2796 3363 alicubi
2842 3296 3036 3381 dixit)

529 3471 534 3475 ,
650 3410 1111 3490 intemperanter
1157 3407 1326 3470 abuti
1371 3406 1490 3469 otio
1538 3413 1594 3469 et
1641 3407 1865 3470 litteris
1882 3406 1917 3469 :⁹
1988 3404 2256 3471 Videtur
2296 3410 2507 3470 tamen
2550 3401 2833 3469 Galenus
2872 3402 3036 3468 hanc

648 3513 978 3579 licentiam
1040 3513 1122 3577 iis
1165 3514 1534 3597 permittere
1583 3513 1697 3577 ubi
1746 3514 1967 3578 scribit
2021 3511 2201 3577 Tom.
2252 3510 2497 3577 XVIII.
2556 3510 2616 3575 1.
2664 3529 2811 3597 pag.
2866 3506 3031 3575 186:

651 3617 848 3696 ἔξεςιν
911 3619 972 3681 ἐν
1030 3625 1157 3690 τοῖς
1220 3616 1534 3698 άσαφέσιν
1581 3619 1658 3690 ὥς
1707 3618 1784 3682 ἂν
1834 3618 2007 3699 ἐθέλῃ
2053 3642 2145 3691 τις
2195 3616 2464 3698 γράφειν
2510 3616 2853 3695 μηδενὸς
2902 3614 3033 3680 ἐπὶ

650 3732 822 3799 τοῖς
907 3723 1550 3805 μεταγράφουσι
1639 3724 1881 3802 νόμου
1967 3723 2376 3803 κειμένου,
2451 3729 2517 3789 et
2582 3728 2724 3808 post
2794 3742 3031 3808 pauca:

651 3831 1118 3913 άναγκάζονται
1187 3832 1608 3913 προσγράφειν
1669 3839 1798 3904 τοῖς
1840 3830 1929 3917 ιἐξ
1994 3833 2196 3913 άρχῆς
2259 3831 2572 3910 εὑρεθεῖσιν
2640 3829 2675 3905 ἢ
2742 3831 3033 3912 άφαιρεΐν

653 3941 686 4017 ἢ
735 3939 1200 4020 μεταγράφειν.
1826 3928 1831 3935 ’

742 4047 882 4112 Sibi
927 4066 1176 4132 quoque
1222 4046 1384 4110 hanc
1431 4044 1758 4110 licentiam
1806 4047 2041 4110 sumit:
2088 4048 2163 4110 ut
2210 4065 2337 4110 uno
2382 4042 2675 4129 exemplo
2722 4042 3035 4129 defungar

651 4153 834 4220 Tom.
903 4151 1054 4218 XV.
1123 4172 1266 4239 pag.
1321 4150 1448 4217 195
1497 4152 1611 4216 ubi
1654 4152 1724 4215 in
1769 4150 1951 4217 libris
1998 4158 2093 4217 est
2139 4151 2283 4228 μηδ’
2330 4146 2481 4221 ὅλως
2528 4148 2740 4229 θερμόν
2786 4150 3035 4235 reponit

651 4258 727 4323 de
791 4279 905 4323 suo
966 4260 1054 4334 μὴ
1113 4257 1259 4323 λίαν
1319 4256 1556 4337 ψυχρόν
1618 4258 1721 4321 his
1779 4258 2025 4323 verbis:
2092 4258 2185 4333 μή
2246 4280 2307 4321 τι
2370 4250 2468 4321 οὖν
2530 4254 2739 4336 ἑτέρως
2800 4258 2917 4333 μὲν
2965 4248 3033 4328 ἦν

649 4362 1127 4450 γεγραμμένον,
1192 4360 1431 4444 ἥμαρτε
1495 4364 1558 4429 δὲ
1620 4364 1648 4429 ὅ
1717 4362 2299 4444 μεταγραψάμενος
2371 4361 2547 4428 αὐτό.
2620 4362 2835 4427 πολλὰ
2904 4360 3033 4441 γὰρ

649 4472 864 4552 ὁρᾶται
906 4474 1168 4535 τοιαῦτα
1210 4470 1312 4535 καὶ
1355 4474 1456 4533 νῦν
1499 4470 1846 4550 γιγνόμενα
1886 4471 1995 4535 καὶ
2040 4470 2166 4537 δέον
2204 4468 2341 4535 άντὶ
2380 4473 2487 4535 τοῦ
2518 4466 3031 4535 MHO''0An.c
