3436 5161
742 1199 890 1288 AD
949 1197 1502 1288 CICERONIS
1564 1198 2383 1289 PALIMPSESTOS.

874 1468 1353 1556 (Continuanbur
1399 1489 1471 1532 ea·
1528 1464 1588 1532 V
1579 1468 1658 1533 ol.
1705 1463 1838 1534 XII
1869 1489 2015 1552 paq.
2064 1463 2249 1554 404.)

1323 1811 1788 1843 *Φῆ

461 2169 571 2236 30.
621 2168 1000 2236 Durissimis
1047 2168 1332 2235 numeris
1375 2189 1596 2238 versus
1642 2173 1741 2236 est
1784 2168 1975 2235 Ennii
2021 2190 2101 2235 ex
2147 2169 2515 2258 Iphigenia:

374 2276 586 2364 „quod
633 2281 730 2342 est
773 2281 920 2342 ante
963 2275 1153 2362 pedes
1197 2294 1387 2341 nemo
1433 2280 1676 2360 spectat
1699 2325 1716 2354 ,
1768 2276 1928 2342 caeli
1973 2281 2339 2344 scrutantur
2374 2276 2639 2366 plagas”

461 2381 666 2449 Paulo
709 2381 979 2448 melius:
1730 2415 1735 2418 ·

469 2487 658 2569 „aute
704 2489 894 2574 pedes
939 2487 1108 2573 quod
1152 2487 1341 2554 nemo
1387 2492 1630 2573 spectat
1646 2537 1662 2562 ,
1715 2489 1877 2556 caeli
1926 2491 2289 2556 sorutantur
2333 2489 2619 2578 plagas’'.

369 2600 417 2665 i.
461 2617 514 2662 e.
576 2598 876 2682 quoniam
938 2596 1228 2663 homines
1289 2615 1417 2661 non
1479 2597 1634 2661 satis
1692 2616 1839 2669 suas
1900 2618 2000 2662 res
2050 2602 2311 2675 curant,
2356 2596 2497 2663 rell.
2520 2646 2537 2675 ,
2587 2598 2756 2683 quod

372 2701 608 2770 melius
666 2703 911 2768 monito
973 2707 1039 2767 et
1067 2700 1382 2789 ..generali
1443 2704 1791 2768 sententiae
1852 2705 2149 2769 convenit
2210 2723 2403 2788 quam
2466 2702 2755 2797 vulgata.

369 2808 556 2875 Idem
617 2829 838 2875 versus
897 2810 1033 2875 sine
1094 2810 1402 2877 varietate
1463 2816 1560 2873 est
1618 2808 1694 2874 de
1756 2807 1973 2875 Divin.
2035 2808 2115 2875 11.
2174 2808 2281 2876 80.
2357 2812 2561 2875 Aeute
2578 2859 2597 2895 ,
2644 2808 2757 2877 sed

370 2913 544 2980 haud
589 2917 722 2980 scio
768 2935 848 2981 an
894 2917 1108 2980 minus
1155 2926 1302 3000 apte
1348 2914 1749 2980 Fleckeisen:
1802 2935 2049 2993 „noenu
2092 2914 2444 3001 speetant”.
2497 2952 2579 2965 --
2622 2912 2755 2981 Ibi-

371 3019 517 3085 dem
581 3020 700 3086 sub
766 3020 872 3085 fin.
939 3020 1272 3107 vulgatam
1334 3020 1712 3087 lectionem:
1777 3021 1943 3106 quod
1998 3024 2057 3086 si
2101 3022 2316 3088 studia
2364 3020 2751 3088 Graecorum

369 3146 486 3194 vos
521 3130 698 3193 tanto
739 3145 923 3213 opere
965 3126 1316 3211 delectant,
1357 3136 1508 3192 sunt
1552 3125 1678 3193 alia
1720 3127 2015 3193 liberiora
2053 3134 2119 3193 et
2147 3130 2305 3213 fusa
2328 3128 2557 3213 latius,
2596 3148 2757 3214 quae

369 3233 478 3303 vel
535 3233 614 3299 ad
675 3254 867 3298 usum
929 3234 1103 3299 vitae
1163 3231 1268 3300 vel
1330 3235 1525 3298 etiam
1569 3234 1648 3299 ad
1691 3236 1895 3319 ipsam
1938 3255 2072 3300 rem
2114 3234 2438 3320 publicam
2480 3234 2758 3301 conferre

369 3338 740 3426 possumus”
776 3340 943 3424 fusa
1005 3344 1223 3404 eontra
1284 3339 1516 3405 oodieis
1564 3346 1630 3405 et
1683 3337 1754 3405 O.
1806 3338 1879 3405 F.
1928 3338 2031 3405 W.
2076 3339 2375 3406 Muelleri
2420 3340 2758 3407 lectionem

367 3447 688 3533 branaefuea
737 3445 1022 3512 defendo.
1093 3444 1258 3511 Sunt
1299 3444 1424 3512 alia
1461 3445 1676 3512 studia
1711 3465 1833 3511 non
1874 3448 1967 3513 ita
2002 3449 2271 3513 materie
2308 3446 2611 3513 adstricta
2648 3448 2758 3513 sed

369 3552 570 3619 latius
629 3552 934 3639 vagantia
994 3551 1240 3638 (susa),
1303 3556 1378 3617 ut
1441 3552 1522 3617 ad
1583 3553 1786 3618 vitam
1852 3572 2101 3638 quoque
2159 3555 2403 3638 possint
2450 3554 2757 3621 adhiberi.

373 3658 568 3723 stane
611 3658 732 3723 hoe
776 3656 915 3724 loeo
961 3656 1244 3723 alienum
1291 3662 1386 3723 est
1434 3657 1789 3742 (diversum
1837 3665 1933 3725 est
1978 3657 2125 3744 §60
2150 3661 2267 3725 sub
2294 3660 2333 3724 f.
2380 3661 2477 3739 „si
2519 3662 2586 3724 in
2608 3658 2756 3745 plu·

367 3784 470 3832 res
513 3762 820 3831 translata
863 3784 964 3830 res
1001 3763 1180 3851 sit”).
1243 3764 1408 3829 Fusa
1461 3765 1646 3828 latim
1667 3788 1751 3815 π
1772 3762 1967 3830 latius
2014 3768 2297 3850 patentia
2344 3764 2449 3831 Or.-
2496 3764 2576 3830 ΙΙ.
2629 3763 2754 3830 672

373 3872 475 3951 „si
517 3870 704 3937 illam
751 3890 999 3956 quoque
1037 3876 1289 3955 partem
1328 3873 1769 3955 quaestionum
1814 3873 2045 3937 oratori
2085 3870 2387 3940 volumus
2412 3869 2758 3958 adiungere

368 3997 608 4065 vagam
673 3982 739 4042 et
794 3978 1039 4041 biberant
1103 3981 1166 4041 et
1211 3978 1334 4041 late
1370 3974 1743 4060 patentem·.'’
1798 4014 1881 4025 —
1932 3976 2138 4043 Paulo
2184 3983 2327 4063 post
2372 3978 2409 4062 ᾖ
2456 3976 2537 4042 31
2592 3974 2757 4042 nihil

370 4089 469 4149 est
487 4132 504 4159 ‚
553 4104 668 4149 our
713 4104 750 4149 a
795 4081 1066 4149 lectione
1111 4082 1343 4149 codicis
1387 4082 1718 4149 r‘eoedatur
1768 4082 1919 4161 „sed
1966 4104 2197 4169 quaero
2215 4130 2231 4161 ,
2285 4104 2445 4169 quae
2492 4088 2568 4149 tu
2618 4103 2757 4149 esse

367 4192 612 4256 maiora
673 4190 974 4272 intellegis
986 4185 1049 4253 ?’'
1138 4188 1263 4254 Pro
1323 4187 1508 4255 Roso,
1574 4189 1723 4254 Am.
1783 4187 1947 4254 119:
2005 4209 2277 4274 „quaero
2323 4192 2435 4255 abs
2482 4194 2582 4255 te:
2626 4191 2758 4257 iine

369 4299 484 4381 qui
545 4294 951 4381 postulabant
1017 4296 1270 4382 indigni
1331 4300 1510 4361 erant
1527 4291 1598 4359 ‘P’
1665 4291 1916 4360 Cluent.
1971 4294 2139 4361 112:
2190 4300 2303 4373 „tu
2364 4332 2427 4345 -
2487 4314 2753 4381 quaero,

367 4401 525 4488 quid
587 4406 728 4467 tum
793 4422 926 4467 esse
973 4403 1304 4467 existimas
1351 4402 1708 4467 iudicatum
1729 4398 1791 4467 ‘P'
1836 4407 1901 4467 et
1946 4402 2158 4468 multa
2203 4400 2331 4467 alia
2376 4407 2676 4489 congesta
2718 4423 2757 4467 a

367 4506 748 4603 Mei-gusto,
794 4507 886 4575 IV
933 4529 996 4596 p.
1044 4506 1124 4583 2,
1175 4512 1227 4571 b.
