3436 5161
1384 400 1645 452 oAssrus
1687 404 1820 452 mo.
2660 386 2792 454 329

412 564 471 629 1.
521 562 593 628 L.
648 562 733 629 56
756 611 772 643 ,
823 560 933 649 2¹7,
982 562 1026 630 2
1073 567 1271 631 etiam
1319 588 1489 633 nunc
1535 569 1673 634 sine
1722 568 2060 633 offensione
2103 567 2349 633 editur:
2399 569 2456 654 (ὃ
2503 568 2793 647 Αὔγουσ-

404 670 540 757 τος)
617 668 1007 750 ἀπηγόρευσε
1078 670 1311 751 μηδένα
1384 674 1569 752 πυρὸς
1640 673 1746 739 καὶ
1820 671 2038 746 ὕδατος
2105 674 2429 757 εἱρχθέντα
2499 677 2666 753 μήτε
2732 677 2795 741 ἔν

408 776 629 857 ἠπείρῳ
698 776 1035 857 διατρίβειν
1104 781 1267 856 μήτε
1340 780 1401 843 έν
1474 782 1628 861 νήσῳ
1688 786 1806 845 τῶν
1864 778 2004 847 ὅσαι
2066 780 2330 846 ἔλαττον
2391 781 2794 862 τετρακοσίων

405 884 531 950 ἀπὸ
605 889 715 956 τῆς
789 885 1035 964 ἠπείρου
1104 886 1367 951 σταδίων
1437 886 1790 968 ἀπέχουσι,
1874 889 2041 961 πλὴν
2111 892 2208 952 Κῶ
2277 912 2349 953 τε
2418 886 2523 953 καὶ
2595 887 2795 954 Ῥόδου

408 988 774 1071 Σαρδοῦς
839 1015 909 1056 τε
976 991 1083 1057 καὶ
1146 992 1437 1072 Λέσβου·
1498 994 1743 1066 ταύτας
1809 992 1936 1073 γὰρ
2007 995 2114 1059 οὐκ
2183 990 2298 1059 οἷδ’
2370 990 2529 1079 ὅπως
2597 994 2793 1072 μόνας

410 1096 789 1175 ὑπεξείλετο.
864 1095 989 1163 Sed
1051 1098 1206 1165 haec
1268 1120 1517 1185 quoque
1573 1102 1810 1169 vitiosa
1871 1122 2004 1166 esse
2067 1105 2218 1166 nota
2265 1124 2340 1175 ση
2387 1102 2454 1165 in
2501 1103 2794 1188 margine

404 1202 724 1288 adscripta
781 1203 1137 1269 indicatum
1202 1210 1299 1271 est
1362 1212 1425 1272 et
1485 1228 1551 1272 re
1615 1209 1756 1293 ipsa
1816 1207 2120 1293 probatur
2136 1256 2154 1291 ,
2215 1227 2362 1273 nam
2429 1204 2791 1273 Sardiniam

407 1308 687 1377 insulam
706 1357 724 1389 ,
790 1309 938 1396 plus
990 1310 1124 1375 400
1172 1312 1379 1378 stadia
1423 1333 1461 1379 a
1510 1315 1860 1380 continenti
1905 1314 2246 1379 distantem
2269 1359 2288 1392 ,
2333 1312 2588 1379 excludi
2633 1333 2794 1401 opus

404 1438 532 1483 non
577 1422 731 1484 erat.
804 1417 1120 1499 Quattuor
1164 1418 1596 1487 nobilissimas
1640 1420 1839 1487 Asiae
1883 1420 2126 1487 insulas
2172 1421 2492 1506 excepisse
2529 1420 2790 1507 Augus-

403 1528 549 1589 tum
596 1523 971 1590 crediderim
1020 1530 1085 1591 et
1131 1524 1355 1597 Σοέμου
1400 1525 1748 1614 legendum
1797 1546 1951 1593 esse.
2011 1526 2256 1593 Eodem
2303 1526 2493 1592 modo
2538 1526 2607 1591 in
2653 1546 2791 1592 ver·

403 1631 505 1696 bis
549 1628 871 1697 Ciceronis
918 1630 1045 1711 45,
1096 1632 1217 1711 18,
1268 1630 1311 1697 2
1360 1632 1500 1698 οὔτε
1553 1633 1680 1714 γὰρ
1731 1634 1792 1697 ἐν
1828 1634 2160 1717 δυναστεία
2199 1633 2304 1698 καὶ
2344 1629 2642 1713 τυραννίδι
2684 1629 2792 1711 ζῆν

404 1737 800 1815 ὑπομείναιμ’
860 1736 940 1803 ἂν
1003 1739 1065 1802 ἐν
1130 1734 1169 1820 ᾗ
1227 1738 1391 1817 μήτε
1462 1740 1950 1806 πολιτεύσασθαι
2022 1740 2186 1819 μήτε
2251 1736 2789 1819 παρρησιάσασθαι

403 1844 715 1925 ἀσφαλῶς
769 1844 933 1921 μήτε
979 1852 1353 1919 τελευτῆσαι
1398 1846 1720 1926 χρησίμως
1773 1847 1915 1924 ὑμῖν
1962 1846 2234 1925 δύναμαι
2281 1845 2579 1911 lacunam
2623 1843 2792 1909 indi·

401 1954 505 2015 cat
562 1948 915 2016 Mediceus.
983 1949 1279 2017 Senserat
1330 1953 1463 2018 iam
1512 1952 1846 2019 Bekkerus
1892 1953 2268 2021 adverbium
2316 1957 2456 2037 post
2501 1948 2787 2016 πολιτεύ-

400 2057 625 2121 σασθαι
692 2052 1059 2124 ᾶθείᾶοταιίζ
1149 2057 1331 2139 Quod
1400 2079 1550 2126 vero
1618 2059 1733 2125 ille
1799 2059 2205 2126 inserendum
2274 2058 2544 2124 coniecit
2609 2058 2783 2137 ὀρθῶς

401 2161 567 2227 mihi
612 2164 831 2227 minus
876 2162 1200 2248 probatur.
1271 2164 1633 2246 Ἐλευθέριος
1670 2165 1778 2232 vel
1809 2164 2024 2231 simile
2065 2165 2216 2250 quid
2255 2164 2562 2230 excidisse
2598 2168 2780 2249 puto.

488 2266 668 2334 Haec
706 2270 838 2335 iam
878 2268 1195 2335 sufficiant
1234 2270 1313 2336 ad
1352 2270 1581 2337 Veneti
1618 2272 1853 2337 codicis
1877 2272 2332 2357 praestantiam
2357 2270 2782 2336 indicandam.

400 2372 539 2449 Quo
598 2377 811 2462 magis
872 2375 1214 2442 dolendum
1274 2383 1371 2442 est
1431 2382 1680 2443 tantam
1729 2380 1865 2443 eius
1911 2382 2158 2463 partem
2205 2379 2538 2443 interiisse.
2611 2374 2782 2441 Nam

399 2479 675 2546 mutilus
740 2486 836 2547 est
896 2488 960 2547 et
1006 2503 1045 2549 a
1092 2484 1297 2569 capite
1344 2488 1410 2549 et
1455 2486 1520 2548 in
1569 2482 1712 2549 fine.
1787 2483 2023 2569 Incipit
2069 2485 2138 2548 in
2185 2482 2398 2549 medio
2444 2480 2610 2547 libro
2655 2480 2744 2547 44
2763 2528 2780 2561 ,

401 2583 488 2650 34
533 2586 681 2653 inde
729 2607 768 2653 a
812 2589 1025 2655 verbis
1069 2589 1458 2663 ἀνοητότατα
1506 2590 1772 2668 κομίσας
1793 2639 1812 2675 ,
1859 2590 2094 2656 desinit
2142 2587 2263 2668 60,
2315 2587 2403 2654 28
2449 2592 2520 2655 in
2565 2588 2779 2654 medio

395 2692 708 2759 vocabulo
769 2695 954 2761 ὁπότε
1018 2720 1097 2774 γε
1158 2694 1348 2774 λόγος
1409 2721 1502 2770 τις
1568 2697 1630 2761 ἕν
1688 2697 1775 2776 τῷ
1840 2696 1914 2772 δή
1942 2744 1959 2760 .
1987 2744 2002 2758 .
2034 2744 2051 2761 .
2138 2693 2264 2761 Sed
2324 2695 2480 2762 haec
2526 2715 2778 2780 quoque

397 2819 541 2884 pars
560 2847 577 2878 ,
625 2801 1143 2884 quaternionibus
1190 2807 1302 2868 aut
1347 2802 1519 2868 foliis
1561 2802 1667 2868 hic
1715 2801 1854 2868 illic
1900 2799 2336 2868 deficientibus
2355 2848 2371 2879 ,
2428 2800 2778 2867 admodum

394 2903 692 2972 lacunosa
754 2911 869 2972 est.
960 2907 1129 2988 Quas
1173 2908 1433 2975 lacunas
1478 2911 1636 2975 bene
1680 2929 1863 2976 nosse
1909 2929 2058 2974 cum
2106 2908 2394 2975 multum
2439 2906 2654 2974 valeat
2700 2907 2779 2972 ad

396 3017 748 3078 ceterorum
798 3015 1089 3080 codicum
1138 3017 1401 3101 stirpem
1450 3015 1961 3104 investigandam
2008 3015 2164 3081 haec
2197 3036 2298 3081 res
2338 3013 2555 3101 paullo
2587 3033 2778 3079 accu-

395 3119 599 3184 ratius
662 3122 923 3185 tractari
977 3125 1043 3185 et
1088 3120 1275 3186 debet
1320 3125 1387 3187 et
1433 3126 1659 3206 potest.
1730 3121 1901 3188 Nam
1947 3143 2097 3188 cum
2145 3121 2444 3187 librarius
2489 3123 2777 3206 primum

394 3221 627 3288 folium
710 3225 1114 3312 singulorum
1196 3230 1683 3312 quaternionum
1753 3230 1824 3293 in
1889 3248 2145 3293 summo
2215 3228 2507 3314 margine
2573 3227 2778 3294 tribus

395 3333 713 3397 asteriscis
758 3337 823 3397 et
867 3353 1133 3399 numero
1179 3339 1461 3400 notasset
1504 3337 1575 3399 in
1619 3334 1792 3400 hunc
1838 3335 2140 3400 modum:

663 3436 705 3478 ιιι
1247 3438 1289 3480 ιιι
1832 3439 1874 3481 ιιι
2393 3440 2490 3513 „nv

392 3543 775 3608 interierunt
818 3544 1077 3630 quidem
1130 3548 1386 3611 numeri
1433 3565 1652 3611 omnes
1697 3565 1826 3612 uno
1873 3551 2133 3631 excepto
2180 3546 2289 3613 sed
2335 3549 2623 3613 asterisci
2661 3551 2775 3613 aut

391 3649 631 3736 integri
674 3655 786 3715 aut
826 3671 903 3716 ex
941 3657 1121 3736 parte
1163 3657 1330 3718 certe
1374 3658 1850 3730 remanserunt,
1897 3652 2066 3718 unde
2111 3655 2595 3738 quaternionum
2646 3655 2776 3718 sin-

391 3753 692 3840 gulorum
742 3757 1005 3820 initium
1054 3763 1226 3822 certo
1274 3760 1693 3845 cognoscitur.
1759 3757 1928 3826 Cum
1965 3764 2288 3844 praeterea
2304 3805 2322 3837 ,
2362 3764 2438 3823 ut
2461 3759 2596 3824 dixi
2616 3805 2634 3837 ,
2659 3759 2775 3822 uni

390 3880 658 3926 numero
720 3863 843 3947 (est
908 3863 1029 3942 κη’)
1089 3861 1263 3929 felici
1323 3885 1473 3930 casu
1520 3863 1872 3953 bibliopegi
1915 3863 2122 3930 culter
2165 3865 2544 3950 pepercerit,
2593 3861 2773 3929 nullo

386 3969 649 4054 negotio
685 3970 1031 4054 unicuique
1076 3972 1475 4055 quaternioni
1522 3991 1677 4036 suus
1725 3991 2030 4036 numerus
2069 3971 2322 4035 restitui
2361 3976 2606 4056 potest,
2647 3992 2772 4058 quo

387 4073 555 4138 facto
602 4076 735 4140 iam
782 4076 1029 4161 patebit
1073 4081 1231 4161 quot
1275 4079 1462 4144 initio
1510 4078 1832 4162 perierint.
1903 4076 2066 4143 Ecce
2109 4078 2241 4142 iam
2289 4076 2621 4144 elenchus:

486 4210 571 4260 fol.
722 4215 856 4276 quat.

436 4293 613 4360 1-8
680 4320 763 4346 =
787 4297 816 4359 θ

434 4400 657 4467 9--16
680 4425 763 4454 ---·
786 4427 804 4468 ι

393 4506 659 4576 17-—24
680 4533 763 4560 -—··
786 4532 851 4573 ια
