3436 5161
1504 296 1746 346 mono.
2681 277 2815 344 299

317 541 321 546 .
427 477 567 524 esse
610 478 793 524 casus
836 455 985 524 illos
1030 458 1335 526 similiter
1381 461 1674 527 cadentes
1710 461 1976 544 publici-2
2021 459 2188 546 equis
2235 465 2302 526 et
2345 460 2588 524 tributis
2605 506 2622 538 ,
2663 481 2816 546 quo—

425 585 572 630 rum
646 566 819 649 prior
878 564 1139 631 dativus
1198 587 1333 632 esse
1396 567 1655 634 videtur
1718 567 1880 634 alter
1941 566 2266 633 ablativus
2331 569 2480 652 (nisi
2547 569 2816 653 scriptor

427 667 637 735 voluit
685 669 795 747 „in
846 671 1272 757 assignando”
1320 671 1728 760 significare).

520 773 593 840 In
640 776 1052 860 sequentibus
1096 783 1265 842 recte
1302 799 1471 845 nunc
1510 777 1758 867 legitur
1790 775 2089 847 MDCCC
2129 799 2244 866 pro
2281 775 2568 860 Ma0003
2593 775 2815 846 Cicero

428 882 601 945 enim
662 901 730 946 se
792 902 1035 948 morem
1100 886 1425 968 equitatus
1484 885 1715 950 referre
1778 885 1936 950 dicit
1999 889 2151 972 „qui
2215 905 2412 970 usque
2465 885 2672 951 adhuc
2715 889 2816 952 est

428 987 791 1064 retentus”;
853 1009 1194 1054 numerum
1260 999 1477 1055 autem
1542 993 1834 1077 equitum
1907 996 2153 1056 constat
2221 989 2424 1058 libera
2490 991 2816 1076 republica

426 1091 623 1157 fuisse
671 1092 755 1158 18
800 1095 1151 1170 centurias,
1202 1115 1363 1181 quae
1414 1093 1589 1162 1800
1637 1099 1883 1182 equites
1929 1098 2392 1180 continuerint,
2439 1113 2564 1162 non
2617 1096 2812 1162 1200.

432 1197 761 1278 Quomodo
820 1199 899 1264 ad
959 1199 1147 1264 illum
1217 1222 1556 1268 numerum
1621 1201 1972 1268 secundum
2039 1208 2362 1267 auctorem
2432 1209 2810 1286 perventum

428 1305 549 1381 sit,
632 1303 839 1370 dicere
904 1325 1033 1370 non
1100 1327 1461 1391 possumus.
1546 1307 1774 1374 Verbis
1846 1327 2356 1392 „numerumque
2421 1306 2812 1392 duplicavit”

428 1408 828 1494 explicantur
872 1413 1232 1495 superiora:
1286 1413 1571 1497 „equites
1618 1415 1768 1478 fecit
1817 1412 1998 1478 mille
2038 1421 2102 1477 ct
2143 1416 2574 1499 octingentos,
2612 1413 2815 1498 itaqu

425 1535 765 1580 numerum
814 1515 1227 1601 duplicavit’'.
1291 1515 1596 1602 Sequitur
1634 1519 1842 1606 igitur
1864 1565 1881 1596 ‚
1921 1517 2288 1585 Ciceronem
2332 1523 2478 1583 ante
2517 1517 2810 1583 Priscum

424 1623 557 1687 iam
622 1625 866 1707 equites
931 1621 1128 1687 fuisse
1186 1622 1321 1688 900
1366 1625 1701 1690 credidisse
1720 1679 1736 1708 ,
1785 1631 1852 1690 et
1881 1629 2120 1708 priores
2164 1625 2455 1708 equitum
2501 1643 2640 1688 esse
2681 1629 2810 1690 tres

426 1729 741 1792 centurias
786 1733 1071 1794 vetustas
1090 1775 1106 1806 ‚
1154 1749 1315 1814 quae
1361 1729 1653 1817 singulae
1700 1732 1832 1795 iam
1873 1730 1954 1796 ad
1994 1735 2275 1796 trecenos
2313 1731 2560 1813 equites
2595 1749 2809 1796 excre-

324 1881 329 1887 -
424 1835 667 1900 vissent
681 1881 697 1908 ‚
747 1835 1031 1898 secundos
1074 1837 1209 1900 sive
1248 1837 1607 1918 posteriores
1650 1843 2004 1923 nongentos
2053 1855 2186 1900 esse
2234 1855 2270 1900 a
2317 1833 2662 1918 Tarquinio
2706 1835 2809 1901 his

426 1939 711 2025 additos3
770 1959 955 2025 porro
1016 1943 1279 2008 nomina
1343 1942 1629 2006 tribuum
1702 1943 2012 2008 mansisse
2077 1941 2158 2007 ad
2228 1960 2446 2006 omnes
2513 1943 2805 2026 equitum

428 2044 715 2130 „partes”
778 2044 1232 2133 designandas:
1303 2067 1465 2124 „non
1515 2050 1687 2112 enim
1739 2050 1951 2132 potuit
1996 2047 2306 2134 (Priscus)
2353 2049 2613 2113 nomina
2658 2067 2808 2112 mu-

424 2150 627 2217 tare”.
698 2151 775 2216 In
833 2172 902 2217 re
956 2157 1088 2218 tam
1144 2159 1549 2219 controversa
1592 2152 1828 2218 sufficit
1870 2152 2035 2218 nihil
2080 2153 2340 2218 absurdi
2385 2155 2452 2216 in
2501 2151 2808 2219 relatione

424 2254 745 2322 Ciceronis
804 2279 914 2342 per
966 2277 1037 2322 se
1095 2265 1379 2342 spectata
1438 2261 1644 2324 inesse
1706 2279 1980 2344 eumque
2043 2277 2262 2323 secum
2309 2277 2691 2344 congruere,
2736 2259 2805 2324 id

425 2363 595 2447 quod
642 2383 741 2428 res
784 2372 902 2429 est.
973 2362 1347 2448 Quanquam
1399 2367 1455 2430 si
1500 2364 1675 2430 Livii
1720 2363 2092 2429 relationem
2143 2363 2191 2428 1.
2221 2361 2305 2428 36
2351 2363 2806 2448 „('Parquinius

422 2471 741 2554 equitum)
800 2487 1067 2536 numero
1132 2468 1407 2535 alterum
1470 2477 1722 2536 tantum
1787 2469 2020 2534 adiecit
2041 2517 2058 2546 ,
2126 2476 2201 2534 ut
2261 2468 2444 2534 mille
2489 2475 2556 2534 et
2599 2472 2804 2534 octin-

422 2576 604 2662 genti
650 2577 895 2661 equites
938 2577 1007 2641 in
1054 2576 1261 2642 tribus
1307 2579 1611 2642 centuriis
1657 2573 1908 2642 essent”
1953 2596 2238 2661 separes,
2289 2582 2364 2641 ut
2401 2596 2515 2661 par
2552 2582 2682 2654 est,
2723 2576 2802 2642 ab

420 2682 537 2759 iis,
606 2700 765 2766 quae
826 2682 1175 2747 secundum
1240 2682 1289 2747 l.
1340 2683 1429 2749 43
1476 2681 1740 2748 Servius
1783 2684 2085 2760 novavit,
2133 2680 2358 2747 Livius
2405 2702 2653 2767 quoque
2701 2681 2806 2749 vel

422 2789 709 2873 quisquis
754 2789 814 2853 ei
860 2794 1080 2853 auctor
1124 2789 1285 2871 fuit,
1333 2791 1693 2855 invenietur
1743 2788 2011 2853 eundem
2061 2807 2405 2853 numerum
2451 2794 2599 2853 ante
2653 2786 2806 2853 'Par-

422 2896 717 2977 quininm
778 2896 1099 2960 statuisse.
1168 2894 1415 2961 Nomen
1462 2917 1566 2959 cese
1608 2896 2028 2981 suffr-afiorum
2076 2898 2336 2979 apparet
2383 2894 2654 2959 existere
2699 2893 2804 2958 de·

422 3020 605 3064 mum
670 3002 954 3085 potuisse
1008 3000 1127 3065 sub
1186 2998 1451 3073 Servio,
1521 3020 1645 3085 quo
1708 3005 1995 3084 tempore
2065 3020 2286 3065 census
2355 3001 2518 3063 ratio
2584 2998 2806 3065 haberi

420 3112 643 3190 coepta
688 3112 803 3173 est.
874 3104 1046 3171 Fieri
1084 3114 1301 3171 aut-om
1336 3126 1459 3171 non
1500 3112 1708 3190 potest
1727 3152 1742 3181 ,
1787 3112 1863 3170 ut
1899 3104 2236 3170 duodecim
2269 3104 2585 3169 centurias
2607 3124 2806 3171 novas

420 3232 459 3276 a
504 3209 727 3277 Servio
775 3209 991 3276 Tullio
1036 3211 1283 3277 additas
1330 3208 1551 3278 Cicero
1596 3210 1958 3277 crediderit.
2028 3210 2124 3275 Ex
2164 3212 2374 3277 verbis
2415 3210 2804 3296 imperfectis

418 3317 606 3383 initio
650 3317 947 3383 sectionis
988 3315 1072 3381 39
1118 3316 1181 3401 (‚,
1212 3364 1229 3381 .
1257 3363 1273 3380 .
1300 3317 1746 3405 duodeviginti
1787 3337 1977 3381 censu
2017 3318 2335 3393 maximo;
2378 3316 2602 3382 deinde
2629 3318 2804 3401 equi·

418 3430 561 3491 tum
608 3443 846 3511 magno
896 3441 1165 3489 numero
1212 3444 1287 3489 ex
1337 3424 1514 3488 omni
1562 3422 1784 3509 populi
1830 3442 2086 3489 summa
2132 3421 2512 3507 sepsi-atd’).
2564 3422 2674 3487 ubi
2723 3422 2801 3489 de

416 3529 737 3594 institutis
794 3526 1003 3595 Servii
1061 3531 1237 3616 agit,
1298 3526 1461 3594 nihil
1528 3528 1763 3593 efficias
1809 3530 1932 3593 nisi
1986 3526 2070 3592 18
2117 3530 2434 3593 centurias
2483 3528 2799 3613 (equitum

416 3633 853 3720 probabiliter)
920 3653 1111 3699 censu
1178 3636 1459 3700 maximo
1522 3656 1558 3699 a
1604 3633 1870 3719 reliquis
1917 3643 2236 3719 separatas
2285 3634 2516 3711 fuisse,
2562 3636 2628 3699 in
2677 3654 2802 3719 quo

416 3738 581 3805 nihil
623 3747 719 3805 est
755 3741 1116 3825 praecipui,
1167 3760 1315 3805 cum
1363 3738 1443 3805 18
1495 3741 1812 3805 centurias
1853 3741 2046 3803 fuisse
2087 3744 2445 3804 constanter
2482 3738 2560 3803 ab
2599 3740 2804 3803 omni·

416 3846 537 3910 bus
594 3844 901 3933 tradatur.
957 3880 1039 3895 --
1094 3844 1369 3911 Tantum
1435 3846 1584 3911 inde
1646 3844 1892 3911 efficere
1951 3843 2103 3909 licet
2147 3846 2433 3928 equitum
2485 3846 2802 3915 centurias

364 4024 374 4033 ,
416 3953 658 4016 maiore
716 3971 907 4016 censu
954 3951 1149 4016 fuisse
1195 3971 1383 4036 quam
1437 3950 1732 4037 reliquas.
1805 3948 2104 4018 Ceterum
2155 3949 2322 4033 quod
2371 3949 2614 4036 legitur
2654 3954 2800 4035 post

417 4057 612 4123 verba
658 4077 849 4143 supra
893 4057 1239 4142 descripta:
1294 4069 1669 4143 „postquam
1718 4054 1888 4122 bello
1929 4058 2187 4143 subegit
2227 4058 2591 4141 Aequorum
2618 4076 2800 4144 mug-

412 4184 563 4230 nam
628 4163 922 4251 gentem”
980 4184 1105 4229 non
1158 4163 1347 4229 debet
1390 4166 1459 4228 in
1507 4182 1701 4229 unam
1753 4164 2134 4227 sententiam
2180 4162 2364 4250 iungi
2416 4182 2564 4227 cum
2611 4183 2798 4248 supe-

413 4271 688 4336 rioribus
736 4289 1245 4355 „numerumque
1292 4268 1713 4354 duplicavit”‚
1761 4274 1834 4332 ut
1880 4269 1959 4333 ab
1999 4268 2100 4333 his
2141 4267 2591 4353 posterioribus
2629 4287 2795 4335 nova

405 4376 705 4461 periodus
750 4377 1053 4461 incipiat,
1102 4375 1643 4461 quemadmodum
1691 4372 1944 4441 Osanno
1967 4374 2114 4459 (soli
2153 4374 2307 4459 fere)
2333 4373 2578 4458 placuit
2587 4394 2606 4451 3
2647 4392 2788 4458 pro·
