3436 5161
613 307 750 378 268
1472 330 1748 381 mnus
1791 329 2129 382 sosarnus.

615 499 811 574 γυρᾶς
874 495 938 559 δὲ
998 495 1400 568 διπλασίονας
1462 495 1826 584 (200000),
1878 496 2141 562 πινάκων
2180 496 2423 577 χρυσῶν
2460 492 2765 576 μυριάδας
2806 494 3002 572 ὀκτώ,

618 600 934 688 (80000),
980 600 1208 666 τούτων
1253 603 1316 668 δὲ
1362 605 1658 684 ἀργυροῦς
1707 604 2110 675 διπλασίονας
2164 601 2521 690 (160000),
2574 607 2885 684 κρατῆρας
2934 599 3003 666 δὲ

615 712 880 790 χρυσοῦς
945 711 1058 786 μὲν
1120 707 1581 790 ἑξακισμυρίους
1647 708 1929 792 (60000)
1949 757 1966 788 ,
2030 711 2328 791 ἀργυροῦς
2398 709 2462 774 δὲ
2523 708 2612 780 δὶς
2676 706 2999 778 τοσούτους

616 813 970 894 (120000),
1033 816 1411 893 σαλπίγγων
1471 815 1776 898 μυριάδας
1844 815 2027 882 εἴκοσι
2095 815 2458 902 (200000),
2507 814 2635 880 alia
2678 814 2961 900 plurima
2980 859 2998 890 ,

616 941 778 1006 quae
839 924 1088 987 omitto.
1159 921 1374 1000 Alibi,
1421 922 1598 988 locus
1643 929 1743 989 est
1786 923 2006 1008 Antiq.
2058 920 2161 988 12.
2211 920 2275 987 2.
2324 921 2402 1000 3,
2450 921 2732 1009 legimus
2776 939 2999 1004 regem

615 1028 1089 1116 Aegyptiorum
1148 1027 1452 1094 suadente
1497 1030 1749 1096 Aristea
1795 1029 2137 1094 redemisse
2184 1033 2497 1114 quotquot
2542 1030 2609 1092 in
2656 1045 2851 1114 regno
2896 1025 2999 1090 Is-

613 1133 876 1200 raelitae
921 1135 1300 1199 servitutem
1348 1137 1680 1200 servirent.
1748 1134 1948 1202 Erant
1997 1135 2276 1200 universi
2314 1135 2525 1211 δλίγου
2569 1133 2844 1203 πλείονες
2882 1137 3001 1196 τῶν

615 1238 767 1303 δέκα
831 1240 1130 1320 μυριάδων
1192 1245 1258 1305 et
1316 1240 1727 1307 redemtionis
1788 1244 2067 1327 pretium
2140 1245 2275 1306 erat
2344 1239 2794 1306 drachmarum
2869 1237 3000 1303 120

616 1347 684 1410 in
731 1345 1039 1432 singulos.
1110 1347 1336 1432 Itaque
1382 1346 1618 1412 dixeris
1663 1367 1823 1432 opus
1860 1348 2056 1412 fuisse
2091 1347 2475 1413 talentorum
2513 1345 2761 1411 duobus
2800 1343 3001 1408 milli-

618 1451 752 1515 bus.
785 1509 790 1512 .
827 1450 1275 1518 Mathematici
1341 1459 1556 1518 tamen
1613 1454 1950 1538 purpurati
2008 1455 2075 1518 in
2122 1453 2271 1518 aula
2315 1454 2522 1540 regia,
2574 1450 3001 1536 computando

614 1558 951 1623 inveniunt
997 1578 1156 1644 opus
1200 1559 1332 1625 fore
1377 1559 1636 1624 talentis
1685 1559 1816 1625 fere
1864 1559 2033 1643 400,
2080 1579 2277 1644 quae,
2325 1561 2425 1623 uti
2466 1557 2679 1642 vides,
2719 1560 2831 1622 vix
2870 1556 3001 1622 suf-

613 1661 798 1728 ficere
832 1669 1124 1750 poterant
1161 1663 1240 1728 ad
1283 1667 1572 1748 quintam
1615 1664 1951 1730 hominum
1991 1670 2237 1750 partem
2276 1663 2737 1730 redimendam.
2787 1664 3001 1746 Atque

617 1773 844 1852 putare
888 1769 1022 1834 noli
1066 1769 1358 1836 librarios
1401 1771 1564 1836 forte
1610 1773 1776 1836 circa
1818 1791 2117 1836 numeros
2162 1770 2430 1856 proclivi
2472 1790 2680 1835 errore
2720 1768 2999 1834 declina-

619 1877 788 1940 visse
845 1895 882 1940 a
937 1895 1088 1941 vera
1149 1878 1426 1952 ratione,
1487 1896 1636 1941 nam
1700 1882 1777 1940 ut
1836 1881 1933 1942 est
1983 1875 2297 1961 Josephus
2359 1875 2595 1960 loquax
2646 1879 2711 1940 et
2755 1873 2843 1946 δὶς
2894 1872 2997 1936 καὶ

618 1981 745 2061 τρὶς
807 1981 1017 2046 ταῦτα
1080 1981 1318 2065 λέγων,
1383 1980 1580 2048 iidem
1643 1985 1897 2048 numeri
1956 1987 2101 2067 post
2162 1981 2405 2067 aliquot
2448 2001 2752 2047 versuum
2798 1982 2999 2044 inter·-

623 2086 866 2152 vallum
929 2090 1063 2154 sine
1123 2088 1414 2153 lectionis
1476 2091 1787 2154 varietate
1848 2094 2196 2154 recurrunt.
2272 2087 2537 2154 Docebit
2585 2091 2802 2152 autem
2848 2086 2998 2150 Ari·

619 2204 786 2259 steas
807 2242 824 2271 ‚
884 2196 938 2259 si
1000 2196 1104 2259 cui
1163 2194 1424 2260 idoneus
1485 2200 1706 2260 auctor
1752 2201 1848 2260 est
1866 2241 1882 2274 ‚
1929 2195 2281 2280 persolutae
2326 2195 2521 2260 fuisse
2566 2213 2679 2278 pro
2726 2189 3001 2279 singulis

619 2303 820 2366 servis
868 2301 1201 2366 drachmas
1245 2303 1512 2378 nicenam
1551 2305 1642 2367 sic
1681 2305 1845 2367 ratio
1883 2309 2053 2368 reete
2090 2307 2379 2387 apparet:
2406 2299 2446 2365 J
2450 2300 2721 2385 osephus
2746 2303 2960 2364 autem
2980 2343 2999 2375 ‚

621 2409 726 2472 cui
785 2406 952 2472 nihil
997 2427 1305 2492 umquam
1355 2410 1510 2473 satis
1555 2413 1688 2491 eet,
1737 2428 2075 2473 numerum
2125 2406 2574 2496 drachmarum
2618 2405 2999 2488 sextuplicata

619 2512 802 2598 fecit,
864 2512 973 2578 sed
1033 2511 1271 2578 oblitus
1333 2517 1430 2578 est
1489 2511 1767 2578 calculos
1828 2513 2195 2579 subducere.
2281 2511 2405 2579 Sed
2467 2511 2610 2578 leve
2676 2511 2797 2576 hoe
2866 2530 3002 2575 esse

619 2618 806 2684 dicis:
873 2621 1090 2703 itaque
1148 2618 1340 2704 paulo
1401 2622 1640 2703 maiora
1684 2640 2007 2685 canamus.
2078 2618 2342 2705 Aliquot
2386 2618 2647 2705 proeliis
2692 2618 3001 2684 eommis-

619 2728 709 2791 sis
770 2724 810 2790 J
818 2726 970 2792 udas
1021 2725 1471 2803 Maccabaeus,
1522 2728 1739 2811 Antiq.
1794 2726 1900 2793 12.
1949 2724 2011 2791 8.
2068 2726 2145 2809 5,
2193 2748 2330 2793 rem
2378 2726 2667 2793 divinam
2715 2724 2997 2811 peragit:

618 2829 881 2903 οὐδεὶς
944 2830 1072 2912 γὰρ
1131 2832 1188 2895 ἕν
1252 2831 1486 2905 τούτοις
1553 2840 1678 2903 τοῖς
1751 2830 2040 2909 πολέμοις
2112 2838 2231 2897 τῶν
2300 2833 2602 2898 Ἰουδαίων
2672 2828 3001 2896 ἀπέθανεν.

619 2932 841 3001 Credis
884 2935 1002 3001 illa
1045 2941 1252 3002 aetate
1297 2940 1628 3003 incruenta
1676 2936 1845 3003 bella
1891 2934 2122 3003 fuisse?
2190 2937 2441 3023 Inspice
2477 2940 2692 3023 Antiq.
2744 2936 2845 3003 12.
2895 2936 3001 3001 10.

622 3042 700 3107 5:
767 3043 834 3106 ἐκ
885 3050 994 3117 τῆς
1042 3042 1263 3125 μάχης
1313 3042 1550 3117 ταύτης
1596 3043 1858 3117 οὐδεὶς
1911 3043 2205 3125 διέφυγεν
2253 3041 2434 3109 ὄντων
2482 3047 2681 3109 αὐτῶν
2730 3045 3003 3107 ἐννακισ·

620 3150 860 3227 χιλίων.
931 3148 1118 3215 Nunc
1181 3170 1306 3215 usu
1368 3150 1547 3215 venit
1598 3148 1801 3214 illud:
1852 3148 2037 3221 οὕτως
2083 3151 2521 3231 ἀταλαίπωρος
2571 3158 2699 3222 τοῖς
2748 3158 3002 3220 πολλοῖς

624 3257 657 3329 ἦ
721 3254 971 3335 ζήτησις
1027 3262 1138 3329 τῆς
1195 3254 1492 3329 ἀληθείας
1553 3255 1660 3320 καὶ
1727 3254 1827 3320 ἐπὶ
1892 3256 1977 3320 τοὶ
2040 3252 2264 3333 ἕτοιμα
2333 3260 2583 3334 μᾶλλον
2651 3256 3004 3338 τρέπονται.

621 3360 1028 3427 Abrahamus
1111 3360 1484 3427 Patriarcha
1549 3360 1706 3426 olim
1778 3363 2135 3449 Aegyptios
2205 3362 2678 3429 arithmeticam
2750 3362 3005 3445 docuit,

626 3456 840 3550 Antiq.
909 3468 968 3530 1.
1035 3464 1098 3530 8.
1156 3464 1234 3550 2,
1301 3466 1412 3532 sed
1477 3466 1645 3551 apud
1701 3472 1984 3553 posteros
2046 3468 2184 3535 eius
2242 3489 2343 3535 ars
2402 3471 2663 3554 periisse
2728 3467 3008 3533 videtur.

624 3572 963 3659 Pugnatur
1030 3571 1330 3637 adversus
1397 3572 1825 3647 Amalecitas‚
1894 3576 2113 3660 Antiq.
2184 3574 2245 3639 3.
2319 3574 2382 3641 2.
2455 3575 2527 3640 5:
2606 3576 2873 3640 ἀπέθανε
2944 3574 3007 3639 δὲ

625 3678 932 3759 Ἑβραίων
991 3679 1106 3751 μὲν
1165 3678 1394 3755 οὐδείς,
1459 3682 1580 3744 τῶν
1637 3680 1702 3743 δὲ
1750 3681 2062 3757 πολεμίων
2107 3678 2277 3753 ὅσους
2324 3680 2447 3747 οὐδ’
2498 3682 2729 3762 apem&
2778 3684 3007 3759 γνῶναι

624 3784 876 3850 δυνατὸν
943 3780 1029 3857 ἦν.
1115 3783 1240 3849 Sed
1298 3784 1560 3871 Josephi
1614 3786 1733 3851 hoc
1794 3793 2229 3853 commentum
2288 3793 2416 3866 est3
2483 3787 2579 3854 nil
2642 3786 2771 3853 tale
2840 3792 3009 3853 certe

625 3893 882 3957 invenio
925 3890 1125 3957 Exod.
1180 3888 1282 3957 1¹7.
1336 3888 1441 3955 13.

717 3998 1306 4086 Exaggerationum
1367 3997 1535 4083 apud
1595 3996 1949 4083 Josephum
2012 4021 2127 4065 nec
2185 3999 2414 4065 modus
2482 4020 2598 4066 nec
2667 3998 2811 4064 finis
2880 4004 3006 4075 est,

629 4102 796 4187 quod
857 4122 982 4167 non
1043 4108 1139 4167 est
1199 4102 1545 4169 admodum
1605 4104 1972 4170 mirandum
2033 4108 2102 4169 in
2163 4104 2421 4171 homine
2490 4106 2829 4182 mendace,
2900 4105 3010 4189 qui

630 4213 952 4292 praeterea
994 4228 1348 4293 numquam
1397 4209 1738 4287 didicerat,
1789 4210 1942 4295 quid
1992 4218 2156 4277 esset
2201 4212 2271 4275 τὸ
2318 4212 2562 4293 πρέπον.
2639 4210 2865 4277 Veluti
2901 4232 3009 4277 rex

628 4313 1074 4397 Ptolemaeus,
1137 4313 1294 4380 dum
1351 4316 1616 4381 Sacrum
1681 4314 2014 4395 Codieem,
2091 4320 2274 4383 cuius
2340 4340 2421 4384 ne
2489 4340 2683 4385 unam
2750 4317 3009 4404 quidem

625 4420 881 4486 literam
949 4419 1161 4508 legere
1207 4426 1490 4507 poterat,
1538 4423 1837 4489 manibus
1884 4424 2173 4504 tenebat,
2222 4426 2440 4511 Antiq.
2492 4422 2599 4491 12.
2647 4423 2711 4491 2.
2766 4426 2843 4490 11
2870 4472 2887 4504 ,
2934 4424 3007 4489 δι’
