3436 5161
1378 1170 1529 1274 AD
1596 1168 2218 1274 LUCIANUM.

1700 1481 1885 1502 *-

705 1731 997 1794 Somnium
1044 1748 1180 1811 cap.
1232 1725 1293 1790 2.
1347 1723 1599 1790 δίδασκε
1650 1723 2042 1803 παραλαβὼν
2090 1725 2268 1788 λίθων
2315 1725 2584 1804 ἐργάτην
2629 1722 2845 1792 εἶναι
2895 1725 3001 1790 καὶ

612 1836 1032 1910 συναρμοστὴν
1081 1831 1183 1896 καὶ
1234 1831 1649 1910 έρμογλύφον.
1699 1831 2028 1895 Assentior
2066 1829 2491 1898 Herwerdeno
2539 1832 2714 1916 (vide
2755 1832 2999 1898 Mnem.

612 1941 751 2006 Vol.
804 1939 927 2004 VII
977 1959 1123 2024 pag.
1174 1935 1334 2023 206)
1384 1932 1597 2000 εἶναι
1640 1938 1932 2020 spurium
1978 1956 2114 2001 ease
2154 1937 2499 2016 iudicanti3
2545 1937 2622 2003 cf.
2650 1937 2994 2004 Icaromen.

614 2068 747 2131 cap.
814 2047 851 2108 5
902 2045 1171 2122 ἠξίουν
1228 2044 1922 2122 μετεωρολέσχης
1968 2041 2543 2108 διδάσκεσθαι.
2613 2043 3001 2128 Exemplum

614 2155 807 2218 huius
854 2173 1005 2214 usus
1054 2150 1307 2214 afferam
1356 2169 1433 2212 ex
1480 2147 1779 2222 Platone,
1833 2155 1907 2211 ut
1957 2148 2184 2213 mendo
2231 2147 2516 2214 liberem.
2565 2149 2796 2214 Editur
2837 2148 2993 2234 Rep.

616 2259 704 2323 IV
758 2257 889 2322 422
940 2257 993 2322 E
1042 2258 1145 2320 καὶ
1196 2256 1333 2328 τοὺς
1385 2257 1533 2326 υἱεῖς
1582 2254 1617 2328 ἢ
1666 2253 1896 2326 ἄλλους
1951 2250 2047 2326 οὓς
2095 2253 2173 2320 ἂν
2222 2253 2567 2336 διδάσκῃ
2614 2259 2851 2338 χείρους
2902 2257 3000 2330 δη·

613 2366 937 2443 μιουργοὺς
1004 2359 1463 2438 διδάξεται.
1536 2361 1776 2454 Quodsi
1835 2381 2054 2426 revera
2106 2364 2202 2426 ita
2247 2365 2502 2446 scripsit
2547 2362 2998 2447 philosophae,

614 2492 692 2535 ne
750 2473 884 2554 ipse
953 2468 1248 2553 quidem,
1310 2467 1460 2552 quid
1508 2467 1676 2530 inter
1723 2466 2144 2532 διδάσκειν
2191 2475 2256 2532 et
2303 2467 2854 2533 διδάσκεσθαι
2900 2469 3002 2532 in-

610 2578 828 2654 tersit,
876 2578 1031 2640 satis
1080 2588 1473 2659 perspectum
1514 2572 1813 2638 habuisse
1853 2573 2198 2638 censendus
2237 2576 2376 2639 erit.
2428 2573 2549 2639 sed
2590 2575 2829 2641 bonum
2874 2575 3001 2640 fae·

610 2691 750 2748 tum
819 2682 985 2767 quod
1050 2680 1423 2765 praecedens
1485 2679 1828 2761 διδάσκῃ
1895 2680 2183 2745 fraudem
2257 2682 2473 2767 arguit
2489 2700 2506 2759 ς
2581 2683 2796 2766 itaque
2868 2680 3002 2747 noli

610 2790 931 2863 dubitare,
1018 2790 1171 2871 quin
1239 2783 1684 2860 διδάξεται
1755 2787 2106 2851 scribarum
2177 2788 2425 2850 incuria
2494 2789 2819 2873 irrepserit
2887 2805 3002 2871 pro

611 2891 949 2969 διδάξει.
1040 2890 1229 2975 Apud
1292 2893 1609 2973 nequiores
1677 2892 1874 2955 activi
1935 2898 2000 2955 et
2063 2891 2258 2956 medii
2332 2892 2566 2957 formas
2639 2892 2998 2978 promiscue

610 3000 898 3065 adhiberi
960 3018 1037 3063 ex
1098 2999 1233 3080 ipso
1298 2994 1577 3061 Lucieno
1641 3004 1933 3081 apparet,
2003 2996 2080 3069 de
2131 2999 2316 3061 cuius
2365 3018 2484 3061 usu
2531 3000 2867 3063 verissima
2915 2997 2995 3063 ad

609 3109 777 3171 hune
824 3106 1035 3189 ipsum
1084 3102 1297 3166 locum
1348 3102 1681 3166 admonuit
1727 3102 2131 3167 Fritschziue.
2208 3103 2608 3187 Quamquam
2654 3102 2808 3168 huic
2847 3122 3000 3187 quo·

612 3232 733 3296 que
778 3207 1071 3275 licentiae
1120 3214 1290 3271 ‘eunt
1338 3211 1491 3271 certi
1540 3208 1809 3292 denique
1856 3207 2058 3273 fines’:
2107 3215 2170 3273 et
2207 3193 2469 3293 acribia,
2509 3228 2630 3274 non
2675 3190 2993 3285 Luciane3

606 3324 705 3382 est
769 3313 1221 3398 imputandum
1282 3312 1449 3397 quod
1505 3314 1571 3377 in
1634 3313 1772 3378 Vit.
1836 3315 2024 3379 Auct.
2093 3334 2224 3399 cap.
2295 3316 2334 3378 3
2399 3317 2674 3399 emptori
2729 3318 2997 3379 interro-

609 3424 826 3508 ganti:
892 3420 957 3484 τί
1024 3442 1108 3496 με
1152 3418 1185 3482 δ
1202 3417 1551 3504 ιδάξειςς
1602 3418 2006 3505 Pythagoras
2055 3420 2430 3504 respondens
2477 3420 2839 3486 inducitur:
2889 3410 3012 3486 διέ

610 3526 965 3603 δάξομαι
1030 3525 1142 3601 μὲν
1208 3523 1388 3588 οὐδέν.
1474 3524 1570 3589 Ex
1636 3528 1727 3589 rei
1781 3531 2009 3590 natura
2069 3527 2134 3589 in
2195 3526 2433 3589 talibus
2498 3526 2724 3590 iisdem
2775 3526 2998 3591 formis

612 3652 827 3698 omnes
875 3632 941 3695 in
990 3629 1402 3715 colloquendo
1450 3632 1715 3694 utimur.
1787 3628 2108 3695 Rescribe:
2167 3632 2241 3694 τί
2288 3655 2380 3705 με
2430 3630 2786 3709 διδάξει;

706 3737 885 3817 Quod
924 3744 1068 3822 post
1106 3757 1305 3821 pauca
1349 3736 1589 3822 legitur
1626 3735 1960 3815 άνθρῶπους
1990 3735 2378 3801 άνέπλαττον
2420 3738 2488 3801 εἰ
2509 3736 2790 3813 κότως,
2834 3737 2998 3802 deei-

610 3844 757 3909 dero
805 3841 1169 3927 exemplum
1220 3841 1389 3926 apud
1439 3842 1635 3905 bonae
1680 3850 1868 3907 notae
1915 3845 2318 3926 scriptorem,
2363 3843 2475 3907 ubi
2518 3843 2780 3907 verbum
2827 3842 2996 3927 quod

611 3954 707 4014 est
753 3948 1084 4021 εἰκότως
1134 3968 1207 4013 eo
1258 3968 1443 4012 sensu
1493 3955 1855 4033 usurpatur.
1928 3947 2000 4012 In
2046 3956 2348 4033 promptu
2396 3948 2652 4032 quidem
2704 3956 2799 4013 eet
2845 3968 2994 4013 con·
3116 3931 3122 3937 ¹

613 4058 803 4121 iieere
867 4053 1237 4131 εἰκότας,
1310 4054 1419 4119 sed
1485 4074 1561 4119 ne
1611 4053 1731 4119 hoc
1777 4054 2036 4137 quidem
2084 4056 2238 4118 satis
2285 4052 2528 4137 placet;
2579 4052 2753 4118 aliud
2799 4052 2998 4119 latere

614 4164 915 4247 suspicor.
989 4158 1061 4224 In
1124 4158 1254 4225 fine·
1302 4158 1441 4225 dele
1485 4157 1863 4247 languidum
1914 4158 2080 4224 illud
2126 4164 2192 4223 et
2237 4162 2403 4224 inere
2449 4156 2992 4224 additamentum:
3033 4256 3038 4261 η

616 4268 744 4330 εἰτ’
796 4267 1111 4341 ἐκείνης
1162 4289 1253 4345 γε
1300 4273 1442 4339 τῆς
1494 4271 1991 4338 πλαστικῆς.

706 4478 858 4567 Gap.
904 4476 966 4543 6.
1032 4474 1099 4552 ἦν
1157 4481 1221 4546 δὲ
1271 4480 1305 4554 ἦ
1356 4478 1471 4557 μὲν
1519 4476 1820 4556 ἐργατικὴ
1869 4474 1973 4540 καὶ
2022 4476 2264 4555 άνδρικη
2319 4474 2486 4561 [καὶ]
2535 4474 2842 4557 αὐχμηρὰ
2889 4476 2999 4549 την
