3436 5161
1270 418 1544 467 ramus
1587 418 1922 467 meamus.
2649 398 2778 465 391

487 580 640 645 Sine
682 600 870 646 sensu
918 581 1129 648 editur
1174 581 1245 646 Β.
1292 581 1351 647 J.
1398 585 1459 649 1.
1506 583 1607 650 17.
1657 581 1699 648 8
1749 583 1826 649 de
1870 603 2022 670 rege
2055 579 2342 659 Herode,
2391 580 2502 667 qui
2549 580 2783 646 Hiero-

398 686 651 774 solyma
696 687 1061 754 obsidebat:
1112 688 1319 753 διελὼν
1358 688 1423 754 δὲ
1469 690 1555 761 εἰς
1606 689 1810 769 ἔργα
1857 691 1968 763 τὴν
2015 688 2278 767 ςρατιᾶν
2318 688 2422 752 καὶ
2465 688 2664 765 τεμὼν
2698 688 2784 753 τὰ

397 796 695 875 προάςεια
758 795 899 875 τρία
963 796 1077 871 μὲν
1137 796 1355 873 ἐγείρει
1417 796 1740 877 χώματα,
1793 803 1906 861 aut
1953 795 2140 862 fallor
2183 802 2296 861 aut
2343 794 2785 860 scribendum:

400 899 608 965 διελὼν
651 901 715 966 δὲ
763 901 849 975 εἰς
894 904 1101 981 τρία.
1176 901 1415 968 Deinde
1460 903 1743 991 legimus
1787 902 1863 967 B.
1912 900 1973 968 J.
2027 904 2086 968 l.
2139 901 2244 969 18.
2289 901 2328 967 5
2377 900 2784 988 Cleopatram

396 1026 656 1074 avaram
716 1012 783 1073 et
844 1008 1265 1093 impotentem
1329 1008 1671 1074 mulierem
1733 1008 1928 1075 fuisse
1945 1058 1964 1091 ‚
2020 1029 2182 1094 quae
2227 1010 2307 1073 ab
2354 1010 2632 1073 Antonio
2678 1028 2786 1093 pe·

398 1114 575 1177 tierit
637 1118 713 1178 ut
775 1114 898 1179 sibi
948 1113 1221 1180 Herodis
1268 1120 1333 1179 et
1380 1113 1651 1180 Malichi
1698 1118 1834 1180 vita
1880 1116 2342 1181 concederetur.
2417 1112 2634 1179 Vitam
2682 1134 2788 1179 ne-

399 1221 585 1307 gavit
632 1219 953 1286 Antonius
970 1269 986 1300 ,
1036 1221 1144 1287 sed
1190 1223 1651 1307 possessionum
1700 1222 1928 1286 bonam
1973 1225 2222 1307 partem
2267 1216 2640 1305 Cleopatrae
2679 1218 2788 1284 ob-

400 1324 591 1391 tulit:
655 1327 845 1407 μὲχρι
902 1332 1053 1405 γοῦν
1108 1334 1226 1393 τῶν
1276 1328 1894 1407 προςαγμιέτων
1945 1328 2269 1399 ἐπινεύσας
2318 1326 2668 1409 Ἀντώνιος,
2715 1324 2788 1388 τὸ

400 1438 631 1496 κτεῖναι
713 1432 827 1509 μὲν
903 1432 1123 1512 ἄνδρας
1198 1435 1472 1513 ἀγαθοὺς
1546 1435 1650 1499 καὶ
1724 1434 2016 1510 βασιλεῖς
2089 1433 2481 1507 τηλικούτους
2552 1431 2786 1497 ἀνόσιον

401 1539 614 1615 ἠγεῖτο
634 1584 651 1616 ,
694 1539 817 1603 xri.
864 1540 1057 1606 donec
1092 1540 1466 1608 intellexero
1502 1540 1669 1607 illud
1700 1539 2249 1625 προσταγμάτων,
2274 1538 2476 1605 latere
2497 1538 2784 1605 credam:

402 1646 1115 1726 προσφαγμάτων.

491 1812 569 1879 Β.
612 1811 673 1879 J.
729 1814 790 1879 1.
839 1811 943 1878 19.
995 1812 1036 1878 3
1085 1834 1196 1900 pro
1242 1814 1415 1880 κατὰ
1462 1814 1587 1895 γὰρ
1630 1816 1906 1881 scribam
1949 1816 2054 1879 καὶ
2099 1812 2260 1899 γάρ,
2301 1814 2410 1880 sed
2451 1813 2601 1880 vide
2624 1833 2792 1879 nunc

402 1917 475 1983 B.
502 1917 559 1983 J.
608 1918 667 1984 1.
708 1918 819 1985 20.
865 1921 923 1986 1.
974 1918 1181 1987 Verba
1225 1928 1375 1987 sunt
1424 1920 1697 1987 Herodis
1741 1923 1820 1988 ad
1861 1920 2193 1988 Gaesarem
2234 1919 2615 2008 Augustum
2650 1923 2795 2005 post

400 2024 735 2091 victoriam
783 2024 1135 2092 Actiacam.
1188 2026 1504 2113 Equidem
1526 2078 1543 2112 ,
1584 2030 1834 2114 inquit,
1877 2026 2176 2094 confiteor
2208 2047 2315 2093 me
2339 2027 2609 2093 Antonii
2635 2028 2794 2092 ami-

403 2131 621 2197 citiam
671 2135 939 2199 comiter
983 2132 1251 2200 coluisse
1299 2134 1404 2199 καὶ
1454 2134 1585 2200 οὐδὲ
1632 2137 1801 2200 τοῦτ’
1851 2133 1928 2200 ἂν
1979 2134 2402 2211 ὑπεςειλαμην
2449 2134 2675 2217 εἰπεῖν,
2699 2126 2789 2196 ὅτι

402 2238 646 2311 παντως
708 2236 785 2304 ἄν
845 2264 930 2317 με
989 2240 1161 2318 μετὰ
1227 2246 1343 2306 τῶν
1406 2237 1609 2306 ὅπλων
1676 2242 2007 2321 ἐπείρασας
2074 2240 2528 2322 ἅχῶριςον·,
2591 2240 2640 2303 εἰ
2703 2238 2792 2314 μὴ

402 2344 774 2411 διεκώλυσαν
829 2348 1134 2427 ''Apa-354.
1206 2345 1500 2413 Accessit
1560 2347 1727 2413 illud
1788 2348 2093 2427 αχώριςον
2157 2366 2238 2411 ex
2300 2342 2533 2410 Codice
2579 2340 2789 2430 Lugd.

401 2448 644 2519 Batavo
662 2500 679 2529 ,
730 2452 895 2538 quod
943 2473 1145 2539 quum
1188 2452 1357 2518 nihil
1402 2450 1722 2543 significet.
1741 2500 1758 2532 ‚
1804 2452 2137 2518 Bekkerus
2183 2449 2429 2516 omisit.
2494 2446 2793 2515 Credide-

400 2556 525 2623 rim
575 2558 870 2644 equidem
918 2560 1322 2627 scribendum
1374 2580 1541 2627 esse:
1590 2558 2061 2643 εὖχάριςον.

489 2738 775 2806 Herodes
833 2742 1075 2809 multas
1133 2741 1524 2810 Graecorum
1572 2742 1762 2808 urbes
1809 2741 2064 2808 ornavit
2111 2745 2175 2806 et
2220 2740 2604 2806 sustentavit
2647 2759 2793 2804 ma-

399 2849 657 2932 ioraque
704 2847 903 2913 etiam
948 2848 1311 2926 tribuisset,
1376 2849 1500 2914 nisi
1548 2849 1772 2916 fuisset
1819 2856 2000 2915 metu
2047 2848 2408 2935 prohibitus
2446 2867 2525 2912 ne
2568 2844 2790 2921 δόξειεν

402 2953 721 3032 ἐπίφθονος
784 2953 818 3028 ἥ
879 2978 939 3020 τι
1003 2956 1293 3036 θηρᾶσθαι
1356 2953 1564 3037 μεῖζον
1629 2955 1962 3037 εὐεργετῶν
2009 2956 2128 3028 τὰς
2176 2954 2387 3025 πόλεις
2441 2953 2628 3017 πλέον
2675 2957 2806 3022 τῶν,

402 3058 787 3140 ἐχόντων,
834 3059 909 3124 Β.
958 3059 1018 3126 J.
1073 3062 1131 3127 1.
1180 3061 1289 3129 21.
1348 3062 1453 3128 12.
1515 3061 1640 3129 Sed
1688 3063 1843 3148 quid
1894 3071 1990 3128 est
2035 3059 2199 3127 illud
2245 3057 2554 3140 ἕχόντωνῖ
2603 3057 2793 3127 Certa

401 3165 683 3252 suppetit
730 3169 1065 3233 correctio:
1114 3173 1230 3232 τῶν
1278 3169 1722 3246 ἡγεμόνων.
1769 3167 1915 3234 Non
1963 3163 2238 3234 Graecos
2284 3166 2653 3241 metuebat,
2680 3166 2792 3232 vix

398 3279 721 3337 servantes
780 3271 863 3338 τὰ
912 3283 1023 3348 τῆς
1073 3274 1353 3356 ὦρχαίας
1401 3275 1705 3342 Ἑλλάδος
1761 3275 2125 3355 ὑπορρέοντα
2174 3274 2489 3352 λείψανα,
2539 3272 2648 3337 sed
2693 3271 2794 3336 fu-

398 3377 632 3464 gienda
694 3385 829 3444 erat
873 3378 1116 3447 invidia
1162 3379 1600 3448 Romanorum
1646 3380 2030 3468 praesidum.
2106 3376 2408 3446 Ceterum
2454 3397 2794 3463 possumus

400 3484 700 3551 audacter
742 3485 1056 3554 affirmare
1101 3487 1257 3554 haec
1306 3492 1525 3555 omnia
1570 3510 1650 3555 ex
1694 3487 1962 3554 Nicolao
2009 3487 2292 3553 fluxisse.

490 3667 709 3734 Etiam
753 3669 822 3735 in
869 3671 989 3737 hac
1034 3671 1367 3739 literarum
1414 3673 1558 3740 luce
1604 3673 1816 3739 editur
1859 3672 2050 3738 hodie
2095 3669 2170 3736 B.
2199 3670 2262 3737 J.
2309 3670 2374 3736 1.
2412 3669 2523 3735 23.
2553 3669 2629 3734 32
2671 3670 2790 3742 τὰς

401 3773 464 3839 δὲ
529 3775 833 3854 διαβολὰς
898 3779 1163 3859 ἰσχυρῶς
1225 3779 1705 3845 ἀπεδύσατο
1770 3800 1881 3866 pro
1945 3776 2456 3844 ἀπελύσατο.
2534 3775 2794 3842 Poterat

400 3887 615 3949 tamen
663 3883 741 3948 de
784 3881 1043 3971 Josephi
1091 3907 1213 3952 usu
1260 3893 1543 3953 constare
1594 3908 1671 3952 ex
1715 3886 1790 3953 B.
1839 3884 1898 3952 J.
1953 3887 2014 3952 1.
2063 3883 2172 3951 27.
2224 3883 2305 3949 2:
2371 3881 2792 3948 ἀπολύσεσθαι

402 3987 521 4062 τὰς
570 3989 777 4063 αἰτίας
830 3991 933 4058 vel
981 3992 1043 4056 4.
1096 3994 1153 4057 5.
1210 3993 1289 4060 4:
1350 3993 1720 4058 ἀπελύσατο
1768 3992 1886 4063 τὰς
1933 3991 2384 4072 ἐπιφερομένας
2433 3989 2640 4060 αἰτίας
2692 3986 2797 4055 vel

402 4093 465 4160 2.
518 4094 579 4159 6.
630 4093 708 4181 2,
771 4098 884 4162 ubi
939 4098 1149 4165 nescio
1195 4099 1513 4186 quomodo
1564 4099 1896 4166 Bekkerus
1942 4099 2214 4165 correxit
2262 4095 2430 4182 quod
2477 4097 2794 4183 corrigere

401 4199 641 4266 oblitus
688 4209 815 4281 est,
878 4206 979 4271 uti
1034 4205 1204 4284 dixi,
1261 4205 1321 4271 1.
1370 4204 1477 4272 23.
1531 4205 1597 4270 3.
1666 4205 1743 4271 In
1793 4205 2014 4271 eadem
2061 4203 2460 4292 paragrapho
2501 4201 2787 4292 legimus

362 4293 635 4375 'dixisse
692 4307 1167 4390 Alexandrum,
1226 4314 1305 4384 ὥς
1364 4315 1449 4393 τῷ
1515 4313 1703 4393 πατρὶ
1771 4313 2024 4378 κτείνειν
2093 4310 2314 4382 αὐτούς
2377 4309 2538 4388 ectu,
2599 4309 2652 4374 εἰ
2718 4306 2792 4382 ³2⁸1

401 4411 897 4492 προτίθεται
950 4419 1021 4484 τὸ
1070 4417 1403 4498 ἔγκλημα,
1470 4417 1581 4484 sed
1629 4421 1780 4504 quia
1824 4419 1944 4484 hoe
1993 4417 2179 4504 plane
2223 4415 2390 4482 nihil
2433 4413 2793 4504 significat,

399 4519 597 4606 recipi
642 4521 908 4588 fortasse
954 4527 1188 4610 poterit
1235 4545 1379 4591 mea
1423 4526 1786 4591 coniectura
1831 4525 1970 4590 πεί
1987 4524 2016 4588 0
2035 4547 2064 4588 ε
2083 4549 2121 4590 τ
2141 4547 2242 4589 αι.
