<?xml version="1.0" encoding="UTF-8"?>
<!DOCTYPE html PUBLIC "-//W3C//DTD XHTML 1.0 Transitional//EN"
    "http://www.w3.org/TR/xhtml1/DTD/xhtml1-transitional.dtd">
<html xmlns="http://www.w3.org/1999/xhtml" xml:lang="en" lang="en">
 <head>
  <title>
</title>
<meta http-equiv="Content-Type" content="text/html;charset=utf-8" />
  <meta name='ocr-system' content='tesseract 3.04.00' />
  <meta name='ocr-capabilities' content='ocr_page ocr_carea ocr_par ocr_line ocrx_word'/>
</head>
<body>
  <div class='ocr_page' id='page_1' title='image "./mnemosynevolume00verdgoog_0234.png"; bbox 0 0 3436 5161; ppageno 0'>
   <div class='ocr_carea' id='block_1_1' title="bbox 675 324 2015 393">
    <p class='ocr_par' dir='ltr' id='par_1_1' title="bbox 675 324 2015 393">
     <span class='ocr_line' id='line_1_1' title="bbox 675 324 2015 393; baseline -0.003 0"><span class='ocrx_word' id='word_1_1' title='bbox 675 324 808 393; x_wconf 84' lang='grc'><strong>220</strong></span> <span class='ocrx_word' id='word_1_2' title='bbox 1699 344 2015 393; x_wconf 72' lang='lat' dir='ltr'><strong>nonnus.</strong></span> 
     </span>
    </p>
   </div>
   <div class='ocr_carea' id='block_1_2' title="bbox 672 505 3055 596">
    <p class='ocr_par' dir='ltr' id='par_1_2' title="bbox 672 505 3055 596">
     <span class='ocr_line' id='line_1_2' title="bbox 672 505 3055 596; baseline -0.002 -21"><span class='ocrx_word' id='word_1_3' title='bbox 672 508 958 596; x_wconf 83' lang='lat' dir='ltr'><strong>plerique</strong></span> <span class='ocrx_word' id='word_1_4' title='bbox 1019 508 1321 576; x_wconf 78' lang='lat' dir='ltr'><strong>exhibent</strong></span> <span class='ocrx_word' id='word_1_5' title='bbox 1384 510 1435 575; x_wconf 77' lang='grc' dir='ltr'><strong>δ’</strong></span> <span class='ocrx_word' id='word_1_6' title='bbox 1497 508 1555 575; x_wconf 73' lang='grc' dir='ltr'><strong>ἕο</strong></span> <span class='ocrx_word' id='word_1_7' title='bbox 1617 511 1843 595; x_wconf 73' lang='grc' dir='ltr'><strong>αὐτοῦ,</strong></span> <span class='ocrx_word' id='word_1_8' title='bbox 1910 530 2059 577; x_wconf 82' lang='lat' dir='ltr'><strong>vera</strong></span> <span class='ocrx_word' id='word_1_9' title='bbox 2118 510 2311 577; x_wconf 90' lang='lat' dir='ltr'><strong>lectio</strong></span> <span class='ocrx_word' id='word_1_10' title='bbox 2377 513 2473 576; x_wconf 89' lang='lat' dir='ltr'><strong>est</strong></span> <span class='ocrx_word' id='word_1_11' title='bbox 2520 508 2581 575; x_wconf 76' lang='grc' dir='ltr'><strong>δὲ</strong></span> <span class='ocrx_word' id='word_1_12' title='bbox 2628 506 2709 574; x_wconf 62' lang='grc' dir='ltr'><strong>τέ’</strong></span> <span class='ocrx_word' id='word_1_13' title='bbox 2758 509 2949 573; x_wconf 72' lang='grc' dir='ltr'><strong><em>αὐτοῦ</em></strong></span> <span class='ocrx_word' id='word_1_14' title='bbox 2980 505 3055 593; x_wconf 88' lang='lat'><strong>¹).</strong></span> 
     </span>
    </p>
   </div>
   <div class='ocr_carea' id='block_1_3' title="bbox 669 722 3071 3784">
    <p class='ocr_par' dir='ltr' id='par_1_3' title="bbox 670 722 3061 1133">
     <span class='ocr_line' id='line_1_3' title="bbox 759 722 3057 812; baseline -0.002 -20"><span class='ocrx_word' id='word_1_15' title='bbox 759 722 1094 792; x_wconf 77' lang='lat' dir='ltr'><strong>Corollarii</strong></span> <span class='ocrx_word' id='word_1_16' title='bbox 1136 728 1336 791; x_wconf 75' lang='lat' dir='ltr'><strong>instar</strong></span> <span class='ocrx_word' id='word_1_17' title='bbox 1373 726 1525 791; x_wconf 90' lang='lat' dir='ltr'><strong>huic</strong></span> <span class='ocrx_word' id='word_1_18' title='bbox 1565 732 1813 793; x_wconf 77' lang='lat' dir='ltr'><strong>nostrae</strong></span> <span class='ocrx_word' id='word_1_19' title='bbox 1851 726 2301 812; x_wconf 79' lang='lat' dir='ltr'><strong>disputationis</strong></span> <span class='ocrx_word' id='word_1_20' title='bbox 2340 723 2693 812; x_wconf 71' lang='lat' dir='ltr'><strong>particulae</strong></span> <span class='ocrx_word' id='word_1_21' title='bbox 2732 724 3057 809; x_wconf 82' lang='lat' dir='ltr'><strong>subiungo</strong></span> 
     </span>
     <span class='ocr_line' id='line_1_4' title="bbox 671 830 3057 921; baseline -0.002 -24"><span class='ocrx_word' id='word_1_22' title='bbox 671 851 831 917; x_wconf 76' lang='lat' dir='ltr'><strong>quae</strong></span> <span class='ocrx_word' id='word_1_23' title='bbox 877 832 954 897; x_wconf 90' lang='lat' dir='ltr'><strong>de</strong></span> <span class='ocrx_word' id='word_1_24' title='bbox 1001 834 1289 919; x_wconf 83' lang='lat' dir='ltr'><strong>genitivo</strong></span> <span class='ocrx_word' id='word_1_25' title='bbox 1327 834 1720 917; x_wconf 76' lang='lat' dir='ltr'><strong>pronominis</strong></span> <span class='ocrx_word' id='word_1_26' title='bbox 1760 835 2203 921; x_wconf 77' lang='lat' dir='ltr'><strong>interrogetivi</strong></span> <span class='ocrx_word' id='word_1_27' title='bbox 2247 836 2311 897; x_wconf 88' lang='lat' dir='ltr'><strong>et</strong></span> <span class='ocrx_word' id='word_1_28' title='bbox 2347 830 2666 897; x_wconf 86' lang='lat' dir='ltr'><strong>indefiniti</strong></span> <span class='ocrx_word' id='word_1_29' title='bbox 2704 831 2800 900; x_wconf 82' lang='grc' dir='ltr'><strong>τίς</strong></span> <span class='ocrx_word' id='word_1_30' title='bbox 2848 830 3057 895; x_wconf 91' lang='lat' dir='ltr'><strong>obser-</strong></span> 
     </span>
     <span class='ocr_line' id='line_1_5' title="bbox 670 937 3061 1025; baseline -0.001 -21"><span class='ocrx_word' id='word_1_31' title='bbox 670 940 811 1004; x_wconf 75' lang='lat' dir='ltr'><strong>vari</strong></span> <span class='ocrx_word' id='word_1_32' title='bbox 869 944 1131 1023; x_wconf 89' lang='lat' dir='ltr'><strong>possunt</strong></span> <span class='ocrx_word' id='word_1_33' title='bbox 1145 958 1162 1016; x_wconf 89' lang='lat'>;</span> <span class='ocrx_word' id='word_1_34' title='bbox 1228 938 1306 1003; x_wconf 87' lang='lat' dir='ltr'><strong>de</strong></span> <span class='ocrx_word' id='word_1_35' title='bbox 1364 938 1482 1004; x_wconf 79' lang='lat' dir='ltr'><strong>hec</strong></span> <span class='ocrx_word' id='word_1_36' title='bbox 1545 941 1715 1004; x_wconf 88' lang='lat' dir='ltr'><strong>enim</strong></span> <span class='ocrx_word' id='word_1_37' title='bbox 1781 939 2045 1017; x_wconf 79' lang='lat' dir='ltr'><strong>vocula,</strong></span> <span class='ocrx_word' id='word_1_38' title='bbox 2110 945 2185 1004; x_wconf 92' lang='lat' dir='ltr'><strong>ut</strong></span> <span class='ocrx_word' id='word_1_39' title='bbox 2242 959 2403 1025; x_wconf 76' lang='lat' dir='ltr'><strong>quae</strong></span> <span class='ocrx_word' id='word_1_40' title='bbox 2466 938 2686 1003; x_wconf 87' lang='lat' dir='ltr'><strong>eodem</strong></span> <span class='ocrx_word' id='word_1_41' title='bbox 2736 937 2924 1003; x_wconf 86' lang='lat' dir='ltr'><strong>modo</strong></span> <span class='ocrx_word' id='word_1_42' title='bbox 2970 938 3061 1001; x_wconf 90' lang='lat' dir='ltr'><strong>sit</strong></span> 
     </span>
     <span class='ocr_line' id='line_1_6' title="bbox 671 1043 2779 1133; baseline -0 -24"><span class='ocrx_word' id='word_1_43' title='bbox 671 1043 1058 1109; x_wconf 74' lang='lat' dir='ltr'><strong>conformata</strong></span> <span class='ocrx_word' id='word_1_44' title='bbox 1077 1090 1094 1120; x_wconf 89' lang='lat'>‚</span> <span class='ocrx_word' id='word_1_45' title='bbox 1145 1064 1398 1130; x_wconf 88' lang='lat' dir='ltr'><strong>prorsus</strong></span> <span class='ocrx_word' id='word_1_46' title='bbox 1444 1045 1662 1110; x_wconf 78' lang='lat' dir='ltr'><strong>eadem</strong></span> <span class='ocrx_word' id='word_1_47' title='bbox 1713 1044 1937 1133; x_wconf 78' lang='lat' dir='ltr'><strong>regula</strong></span> <span class='ocrx_word' id='word_1_48' title='bbox 1989 1045 2197 1112; x_wconf 70' lang='lat' dir='ltr'><strong>velere</strong></span> <span class='ocrx_word' id='word_1_49' title='bbox 2245 1045 2432 1110; x_wconf 91' lang='lat' dir='ltr'><strong>debet</strong></span> <span class='ocrx_word' id='word_1_50' title='bbox 2478 1050 2543 1110; x_wconf 91' lang='lat' dir='ltr'><strong>et</strong></span> <span class='ocrx_word' id='word_1_51' title='bbox 2590 1043 2779 1111; x_wconf 81' lang='lat' dir='ltr'><strong>valet.</strong></span> 
     </span>
    </p>

    <p class='ocr_par' dir='ltr' id='par_1_4' title="bbox 761 1148 2933 1237">
     <span class='ocr_line' id='line_1_7' title="bbox 761 1148 2933 1237; baseline -0 -23"><span class='ocrx_word' id='word_1_52' title='bbox 761 1148 1030 1237; x_wconf 79' lang='lat' dir='ltr'><strong>Legitur</strong></span> <span class='ocrx_word' id='word_1_53' title='bbox 1074 1151 1176 1215; x_wconf 81' lang='grc' dir='ltr'><strong>τέο</strong></span> <span class='ocrx_word' id='word_1_54' title='bbox 1223 1162 1267 1214; x_wconf 92' lang='grc' dir='ltr'>Β</span> <span class='ocrx_word' id='word_1_55' title='bbox 1319 1149 1486 1229; x_wconf 87' lang='grc'><strong>225,</strong></span> <span class='ocrx_word' id='word_1_56' title='bbox 1540 1161 1610 1216; x_wconf 86' lang='grc' dir='ltr'>Ω</span> <span class='ocrx_word' id='word_1_57' title='bbox 1662 1150 1830 1230; x_wconf 91' lang='grc'><strong>128,</strong></span> <span class='ocrx_word' id='word_1_58' title='bbox 1882 1151 1915 1216; x_wconf 77' lang='grc' dir='ltr'>δ</span> <span class='ocrx_word' id='word_1_59' title='bbox 1963 1151 2131 1229; x_wconf 82' lang='grc'><strong>463,</strong></span> <span class='ocrx_word' id='word_1_60' title='bbox 2180 1158 2246 1216; x_wconf 85' lang='lat' dir='ltr'><strong>et</strong></span> <span class='ocrx_word' id='word_1_61' title='bbox 2292 1151 2490 1217; x_wconf 85' lang='lat' dir='ltr'><strong>semel</strong></span> <span class='ocrx_word' id='word_1_62' title='bbox 2536 1174 2638 1215; x_wconf 79' lang='grc' dir='ltr'><strong>τεο</strong></span> <span class='ocrx_word' id='word_1_63' title='bbox 2687 1175 2736 1216; x_wconf 78' lang='grc' dir='ltr'><strong>τι·</strong></span> <span class='ocrx_word' id='word_1_64' title='bbox 2778 1148 2933 1216; x_wconf 80' lang='grc'><strong>305.</strong></span> 
     </span>
    </p>

    <p class='ocr_par' dir='ltr' id='par_1_5' title="bbox 669 1241 3059 1551">
     <span class='ocr_line' id='line_1_8' title="bbox 761 1241 3055 1341; baseline -0 -21"><span class='ocrx_word' id='word_1_65' title='bbox 761 1255 983 1321; x_wconf 76' lang='lat' dir='ltr'><strong>Potest</strong></span> <span class='ocrx_word' id='word_1_66' title='bbox 1047 1258 1299 1322; x_wconf 85' lang='lat' dir='ltr'><strong>restitui</strong></span> <span class='ocrx_word' id='word_1_67' title='bbox 1360 1254 1460 1321; x_wconf 77' lang='grc' dir='ltr'><strong>τέο</strong></span> <span class='ocrx_word' id='word_1_68' title='bbox 1520 1277 1633 1341; x_wconf 90' lang='lat' dir='ltr'><strong>pro</strong></span> <span class='ocrx_word' id='word_1_69' title='bbox 1694 1263 1803 1322; x_wconf 81' lang='grc' dir='ltr'><strong>τεῦ</strong></span> <span class='ocrx_word' id='word_1_70' title='bbox 1866 1280 1895 1321; x_wconf 84' lang='lat'><em>0</em></span> <span class='ocrx_word' id='word_1_71' title='bbox 1960 1256 2089 1323; x_wconf 83' lang='lat'><strong>509</strong></span> <span class='ocrx_word' id='word_1_72' title='bbox 2156 1271 2221 1323; x_wconf 90' lang='lat' dir='ltr'><strong>et</strong></span> <span class='ocrx_word' id='word_1_73' title='bbox 2267 1281 2309 1320; x_wconf 84' lang='grc' dir='ltr'><strong><em>ω</em></strong></span> <span class='ocrx_word' id='word_1_74' title='bbox 2358 1254 2524 1333; x_wconf 80' lang='grc'><strong>257,</strong></span> <span class='ocrx_word' id='word_1_75' title='bbox 2574 1241 2640 1321; x_wconf 84' lang='lat' dir='ltr'><strong>et</strong></span> <span class='ocrx_word' id='word_1_76' title='bbox 2686 1254 3055 1321; x_wconf 75' lang='lat' dir='ltr'><strong>encliticam</strong></span> 
     </span>
     <span class='ocr_line' id='line_1_9' title="bbox 669 1360 3059 1459; baseline 0 -33"><span class='ocrx_word' id='word_1_77' title='bbox 669 1385 770 1427; x_wconf 84' lang='grc' dir='ltr'><strong>τεο</strong></span> <span class='ocrx_word' id='word_1_78' title='bbox 832 1382 947 1447; x_wconf 89' lang='lat' dir='ltr'><strong>pro</strong></span> <span class='ocrx_word' id='word_1_79' title='bbox 996 1386 1104 1459; x_wconf 61' lang='lat' dir='ltr'><strong>reu</strong></span> <span class='ocrx_word' id='word_1_80' title='bbox 1168 1372 1220 1429; x_wconf 90' lang='grc' dir='ltr'>Σ</span> <span class='ocrx_word' id='word_1_81' title='bbox 1291 1362 1451 1441; x_wconf 88' lang='grc'><strong>192,</strong></span> <span class='ocrx_word' id='word_1_82' title='bbox 1504 1364 1537 1429; x_wconf 77' lang='grc' dir='ltr'>δ</span> <span class='ocrx_word' id='word_1_83' title='bbox 1587 1362 1753 1439; x_wconf 87' lang='grc'><strong>264,</strong></span> <span class='ocrx_word' id='word_1_84' title='bbox 1803 1374 1862 1428; x_wconf 81' lang='grc' dir='ltr'>Ψ</span> <span class='ocrx_word' id='word_1_85' title='bbox 1908 1362 2073 1441; x_wconf 82' lang='grc'><strong>331,</strong></span> <span class='ocrx_word' id='word_1_86' title='bbox 2126 1366 2411 1448; x_wconf 87' lang='lat' dir='ltr'><strong>itemque</strong></span> <span class='ocrx_word' id='word_1_87' title='bbox 2460 1360 2527 1427; x_wconf 81' lang='grc' dir='ltr'><strong>οὗ</strong></span> <span class='ocrx_word' id='word_1_88' title='bbox 2572 1387 2672 1429; x_wconf 82' lang='grc' dir='ltr'><strong>τεο</strong></span> <span class='ocrx_word' id='word_1_89' title='bbox 2722 1382 2833 1449; x_wconf 88' lang='lat' dir='ltr'><strong>pro</strong></span> <span class='ocrx_word' id='word_1_90' title='bbox 2879 1360 3059 1427; x_wconf 76' lang='grc' dir='ltr'><strong><em>ὅττευ</em></strong></span> 
     </span>
     <span class='ocr_line' id='line_1_10' title="bbox 669 1467 904 1551; baseline 0 -17"><span class='ocrx_word' id='word_1_91' title='bbox 669 1494 700 1551; x_wconf 76' lang='lat' dir='ltr'><strong>p</strong></span> <span class='ocrx_word' id='word_1_92' title='bbox 753 1467 904 1534; x_wconf 88' lang='grc'><strong>121.</strong></span> 
     </span>
    </p>

    <p class='ocr_par' dir='ltr' id='par_1_6' title="bbox 669 1573 3059 1876">
     <span class='ocr_line' id='line_1_11' title="bbox 726 1573 3058 1665; baseline 0 -26"><span class='ocrx_word' id='word_1_93' title='bbox 726 1573 838 1665; x_wconf 36' lang='lat' dir='ltr'><strong>‚In</strong></span> <span class='ocrx_word' id='word_1_94' title='bbox 896 1574 988 1639; x_wconf 84' lang='grc' dir='ltr'><strong>τέ’</strong></span> <span class='ocrx_word' id='word_1_95' title='bbox 1045 1582 1254 1661; x_wconf 89' lang='lat' dir='ltr'><strong>posset</strong></span> <span class='ocrx_word' id='word_1_96' title='bbox 1309 1578 1546 1664; x_wconf 81' lang='lat' dir='ltr'><strong>corrigi</strong></span> <span class='ocrx_word' id='word_1_97' title='bbox 1595 1581 1702 1640; x_wconf 80' lang='grc' dir='ltr'><strong>τεῦ</strong></span> <span class='ocrx_word' id='word_1_98' title='bbox 1756 1586 1808 1641; x_wconf 92' lang='grc' dir='ltr'><strong>Σ</strong></span> <span class='ocrx_word' id='word_1_99' title='bbox 1863 1576 1993 1642; x_wconf 92' lang='grc'><strong>192</strong></span> <span class='ocrx_word' id='word_1_100' title='bbox 2014 1625 2029 1654; x_wconf 91' lang='grc'><strong>,</strong></span> <span class='ocrx_word' id='word_1_101' title='bbox 2078 1578 2203 1641; x_wconf 88' lang='lat' dir='ltr'><strong>nisi</strong></span> <span class='ocrx_word' id='word_1_102' title='bbox 2252 1581 2583 1662; x_wconf 86' lang='lat' dir='ltr'><strong>corruptus</strong></span> <span class='ocrx_word' id='word_1_103' title='bbox 2630 1584 2792 1641; x_wconf 89' lang='lat' dir='ltr'><strong>esset</strong></span> <span class='ocrx_word' id='word_1_104' title='bbox 2838 1574 3058 1640; x_wconf 87' lang='lat' dir='ltr'><strong>locus:</strong></span> 
     </span>
     <span class='ocr_line' id='line_1_12' title="bbox 669 1679 3059 1770; baseline -0.002 -23"><span class='ocrx_word' id='word_1_105' title='bbox 669 1680 834 1747; x_wconf 70' lang='grc' dir='ltr'><strong>εοῖδαι</strong></span> <span class='ocrx_word' id='word_1_106' title='bbox 895 1686 1004 1745; x_wconf 83' lang='grc' dir='ltr'><strong>τεῦ</strong></span> <span class='ocrx_word' id='word_1_107' title='bbox 1069 1680 1146 1747; x_wconf 73' lang='grc' dir='ltr'><strong>ἂν</strong></span> <span class='ocrx_word' id='word_1_108' title='bbox 1207 1684 1413 1747; x_wconf 74' lang='grc' dir='ltr'><strong><em>κλυτὰ</em></strong></span> <span class='ocrx_word' id='word_1_109' title='bbox 1476 1680 1716 1765; x_wconf 71' lang='grc' dir='ltr'><strong><em>τεύχεα</em></strong></span> <span class='ocrx_word' id='word_1_110' title='bbox 1781 1684 1919 1748; x_wconf 77' lang='grc' dir='ltr'><strong>δύω.</strong></span> <span class='ocrx_word' id='word_1_111' title='bbox 2007 1683 2382 1770; x_wconf 87' lang='lat' dir='ltr'><strong>Legendum</strong></span> <span class='ocrx_word' id='word_1_112' title='bbox 2444 1682 2697 1747; x_wconf 88' lang='lat' dir='ltr'><strong>videtur</strong></span> <span class='ocrx_word' id='word_1_113' title='bbox 2740 1680 2878 1747; x_wconf 62' lang='grc' dir='ltr'>παῖδ’</span> <span class='ocrx_word' id='word_1_114' title='bbox 2926 1679 3059 1747; x_wconf 73' lang='grc' dir='ltr'><strong><em>ὅτευ</em></strong></span> 
     </span>
     <span class='ocr_line' id='line_1_13' title="bbox 674 1784 2973 1876; baseline 0 -24"><span class='ocrx_word' id='word_1_115' title='bbox 674 1785 877 1852; x_wconf 71' lang='grc' dir='ltr'><strong><em>κλυτὰ</em></strong></span> <span class='ocrx_word' id='word_1_116' title='bbox 925 1788 1166 1869; x_wconf 75' lang='grc' dir='ltr'><strong><em>τεύχεα</em></strong></span> <span class='ocrx_word' id='word_1_117' title='bbox 1216 1787 1362 1867; x_wconf 78' lang='grc' dir='ltr'><strong>δύω,</strong></span> <span class='ocrx_word' id='word_1_118' title='bbox 1413 1810 1561 1853; x_wconf 79' lang='lat' dir='ltr'><strong>nam</strong></span> <span class='ocrx_word' id='word_1_119' title='bbox 1613 1794 1723 1853; x_wconf 81' lang='grc' dir='ltr'><strong>τεῦ</strong></span> <span class='ocrx_word' id='word_1_120' title='bbox 1771 1788 1916 1876; x_wconf 81' lang='grc' dir='ltr'>(τέ’)</span> <span class='ocrx_word' id='word_1_121' title='bbox 1964 1788 2042 1853; x_wconf 72' lang='grc' dir='ltr'><strong>ἂν</strong></span> <span class='ocrx_word' id='word_1_122' title='bbox 2090 1788 2347 1855; x_wconf 75' lang='lat' dir='ltr'><strong>tolerari</strong></span> <span class='ocrx_word' id='word_1_123' title='bbox 2390 1808 2527 1867; x_wconf 12' lang='lat' dir='ltr'><strong>non*</strong></span> <span class='ocrx_word' id='word_1_124' title='bbox 2560 1792 2785 1873; x_wconf 79' lang='lat' dir='ltr'><strong>potest.</strong></span> <span class='ocrx_word' id='word_1_125' title='bbox 2967 1784 2973 1790; x_wconf 50' lang='lat'>⁶</span> 
     </span>
    </p>

    <p class='ocr_par' dir='ltr' id='par_1_7' title="bbox 676 1876 3057 2085">
     <span class='ocr_line' id='line_1_14' title="bbox 763 1876 3057 1979; baseline -0 -22"><span class='ocrx_word' id='word_1_126' title='bbox 763 1893 841 1957; x_wconf 88' lang='lat' dir='ltr'><strong>In</strong></span> <span class='ocrx_word' id='word_1_127' title='bbox 890 1895 978 1957; x_wconf 59' lang='grc' dir='ltr'><strong>τε</strong></span> <span class='ocrx_word' id='word_1_128' title='bbox 1027 1900 1316 1959; x_wconf 76' lang='lat' dir='ltr'><strong>mutetur</strong></span> <span class='ocrx_word' id='word_1_129' title='bbox 1361 1919 1468 1959; x_wconf 70' lang='lat' dir='ltr'><strong>m</strong></span> <span class='ocrx_word' id='word_1_130' title='bbox 1519 1906 1562 1959; x_wconf 85' lang='lat' dir='ltr'>B</span> <span class='ocrx_word' id='word_1_131' title='bbox 1613 1894 1784 1972; x_wconf 82' lang='lat'><strong>390,</strong></span> <span class='ocrx_word' id='word_1_132' title='bbox 1832 1904 1877 1961; x_wconf 74' lang='lat' dir='ltr'><strong>e</strong></span> <span class='ocrx_word' id='word_1_133' title='bbox 1936 1894 2101 1979; x_wconf 80' lang='lat'><strong>897,</strong></span> <span class='ocrx_word' id='word_1_134' title='bbox 2152 1902 2210 1958; x_wconf 84' lang='lat' dir='ltr'>N</span> <span class='ocrx_word' id='word_1_135' title='bbox 2262 1893 2430 1976; x_wconf 80' lang='lat'><strong>559,</strong></span> <span class='ocrx_word' id='word_1_136' title='bbox 2474 1902 2533 1957; x_wconf 91' lang='lat' dir='ltr'>T</span> <span class='ocrx_word' id='word_1_137' title='bbox 2576 1893 2745 1969; x_wconf 80' lang='lat'><strong>262,</strong></span> <span class='ocrx_word' id='word_1_138' title='bbox 2788 1916 2833 1970; x_wconf 61' lang='grc' dir='ltr'><em>γ</em></span> <span class='ocrx_word' id='word_1_139' title='bbox 2886 1876 3057 1969; x_wconf 81' lang='grc'><strong>348,</strong></span> 
     </span>
     <span class='ocr_line' id='line_1_15' title="bbox 676 1996 2518 2085; baseline 0.001 -23"><span class='ocrx_word' id='word_1_140' title='bbox 676 1997 716 2079; x_wconf 82' lang='grc' dir='ltr'><em>ζ</em></span> <span class='ocrx_word' id='word_1_141' title='bbox 760 1996 883 2082; x_wconf 85' lang='grc'><strong>68,</strong></span> <span class='ocrx_word' id='word_1_142' title='bbox 939 1997 1101 2074; x_wconf 84' lang='grc'><strong>192,</strong></span> <span class='ocrx_word' id='word_1_143' title='bbox 1153 1998 1386 2077; x_wconf 69' lang='lat'><strong>1497,</strong></span> <span class='ocrx_word' id='word_1_144' title='bbox 1437 1998 1476 2076; x_wconf 80' lang='grc' dir='ltr'><strong><em>ξ</em></strong></span> <span class='ocrx_word' id='word_1_145' title='bbox 1523 2000 1692 2085; x_wconf 81' lang='grc'><strong>510,</strong></span> <span class='ocrx_word' id='word_1_146' title='bbox 1743 2026 1773 2080; x_wconf 83' lang='grc' dir='ltr'>ρ</span> <span class='ocrx_word' id='word_1_147' title='bbox 1823 2000 1989 2078; x_wconf 80' lang='grc'><strong>115,</strong></span> <span class='ocrx_word' id='word_1_148' title='bbox 2038 2008 2092 2081; x_wconf 86' lang='grc' dir='ltr'><strong>φ</strong></span> <span class='ocrx_word' id='word_1_149' title='bbox 2141 2000 2313 2085; x_wconf 85' lang='grc'><strong>210,</strong></span> <span class='ocrx_word' id='word_1_150' title='bbox 2366 1998 2518 2065; x_wconf 85' lang='grc'><strong>306.</strong></span> 
     </span>
    </p>

    <p class='ocr_par' dir='ltr' id='par_1_8' title="bbox 677 2104 3062 2808">
     <span class='ocr_line' id='line_1_16' title="bbox 769 2104 3061 2190; baseline 0 -21"><span class='ocrx_word' id='word_1_151' title='bbox 769 2113 827 2169; x_wconf 88' lang='lat' dir='ltr'>N</span> <span class='ocrx_word' id='word_1_152' title='bbox 890 2104 1022 2169; x_wconf 83' lang='lat'><strong>252</strong></span> <span class='ocrx_word' id='word_1_153' title='bbox 1083 2126 1196 2190; x_wconf 90' lang='lat' dir='ltr'><strong>pro</strong></span> <span class='ocrx_word' id='word_1_154' title='bbox 1259 2106 1325 2181; x_wconf 76' lang='grc' dir='ltr'><strong>ἦέ</strong></span> <span class='ocrx_word' id='word_1_155' title='bbox 1387 2130 1493 2171; x_wconf 83' lang='grc' dir='ltr'><strong>τευ</strong></span> <span class='ocrx_word' id='word_1_156' title='bbox 1559 2108 1871 2185; x_wconf 65' lang='grc' dir='ltr'><strong>ἀγγελίης</strong></span> <span class='ocrx_word' id='word_1_157' title='bbox 1936 2108 2081 2183; x_wconf 83' lang='grc' dir='ltr'><strong>μετ’</strong></span> <span class='ocrx_word' id='word_1_158' title='bbox 2146 2106 2248 2183; x_wconf 80' lang='grc' dir='ltr'><strong>ἔμ’</strong></span> <span class='ocrx_word' id='word_1_159' title='bbox 2312 2106 2523 2181; x_wconf 67' lang='grc' dir='ltr'><strong><em>ἤλυθες</em></strong></span> <span class='ocrx_word' id='word_1_160' title='bbox 2589 2108 2845 2171; x_wconf 88' lang='lat' dir='ltr'><strong>omnino</strong></span> <span class='ocrx_word' id='word_1_161' title='bbox 2900 2104 3061 2169; x_wconf 88' lang='lat' dir='ltr'><strong>duce</strong></span> 
     </span>
     <span class='ocr_line' id='line_1_17' title="bbox 677 2210 3062 2298; baseline -0.001 -22"><span class='ocrx_word' id='word_1_162' title='bbox 677 2210 1000 2287; x_wconf 69' lang='lat' dir='ltr'><strong>Nauckim</strong></span> <span class='ocrx_word' id='word_1_163' title='bbox 1049 2214 1152 2276; x_wconf 90' lang='lat' dir='ltr'><strong>cui</strong></span> <span class='ocrx_word' id='word_1_164' title='bbox 1197 2215 1372 2277; x_wconf 79' lang='lat' dir='ltr'><strong>viam</strong></span> <span class='ocrx_word' id='word_1_165' title='bbox 1427 2216 1781 2298; x_wconf 78' lang='lat' dir='ltr'><strong>praeiverat</strong></span> <span class='ocrx_word' id='word_1_166' title='bbox 1828 2213 2187 2289; x_wconf 86' lang='lat' dir='ltr'><strong>Bentleiue,</strong></span> <span class='ocrx_word' id='word_1_167' title='bbox 2233 2221 2329 2278; x_wconf 89' lang='lat' dir='ltr'><strong>est</strong></span> <span class='ocrx_word' id='word_1_168' title='bbox 2370 2211 2813 2298; x_wconf 85' lang='lat' dir='ltr'><strong>corrigendum</strong></span> <span class='ocrx_word' id='word_1_169' title='bbox 2854 2210 2921 2285; x_wconf 76' lang='grc' dir='ltr'><strong>ἠέ</strong></span> <span class='ocrx_word' id='word_1_170' title='bbox 2946 2211 3062 2275; x_wconf 75' lang='grc' dir='ltr'><strong>τιν’</strong></span> 
     </span>
     <span class='ocr_line' id='line_1_18' title="bbox 677 2315 3061 2403; baseline 0 -22"><span class='ocrx_word' id='word_1_171' title='bbox 677 2317 990 2395; x_wconf 70' lang='grc' dir='ltr'><strong>ὥγγελίην</strong></span> <span class='ocrx_word' id='word_1_172' title='bbox 1051 2320 1192 2393; x_wconf 83' lang='grc' dir='ltr'><strong>μετ’</strong></span> <span class='ocrx_word' id='word_1_173' title='bbox 1256 2316 1357 2394; x_wconf 74' lang='grc' dir='ltr'><strong>ἐμ·</strong></span> <span class='ocrx_word' id='word_1_174' title='bbox 1419 2319 1669 2393; x_wconf 76' lang='grc' dir='ltr'><strong>ἤλυθες,</strong></span> <span class='ocrx_word' id='word_1_175' title='bbox 1736 2340 1883 2385; x_wconf 80' lang='lat' dir='ltr'><strong>nam</strong></span> <span class='ocrx_word' id='word_1_176' title='bbox 1950 2340 2180 2384; x_wconf 89' lang='lat' dir='ltr'><strong>nomen</strong></span> <span class='ocrx_word' id='word_1_177' title='bbox 2246 2320 2559 2395; x_wconf 70' lang='grc' dir='ltr'><strong>ἀγγελίης</strong></span> <span class='ocrx_word' id='word_1_178' title='bbox 2617 2339 2729 2403; x_wconf 87' lang='lat' dir='ltr'><strong>pro</strong></span> <span class='ocrx_word' id='word_1_179' title='bbox 2776 2315 3061 2395; x_wconf 67' lang='grc' dir='ltr'><strong>ἄγγελος</strong></span> 
     </span>
     <span class='ocr_line' id='line_1_19' title="bbox 677 2420 3061 2511; baseline -0.001 -24"><span class='ocrx_word' id='word_1_180' title='bbox 677 2442 1003 2507; x_wconf 78' lang='lat' dir='ltr'><strong>nunquam</strong></span> <span class='ocrx_word' id='word_1_181' title='bbox 1048 2424 1172 2488; x_wconf 91' lang='lat' dir='ltr'><strong>nisi</strong></span> <span class='ocrx_word' id='word_1_182' title='bbox 1219 2425 1287 2488; x_wconf 87' lang='lat' dir='ltr'><strong>in</strong></span> <span class='ocrx_word' id='word_1_183' title='bbox 1325 2427 1897 2511; x_wconf 79' lang='lat' dir='ltr'><strong>grammaticorum</strong></span> <span class='ocrx_word' id='word_1_184' title='bbox 1942 2428 2194 2491; x_wconf 86' lang='lat' dir='ltr'><strong>cerebro</strong></span> <span class='ocrx_word' id='word_1_185' title='bbox 2239 2426 2473 2489; x_wconf 84' lang='lat' dir='ltr'><strong>extitit.</strong></span> <span class='ocrx_word' id='word_1_186' title='bbox 2526 2422 2811 2509; x_wconf 82' lang='lat' dir='ltr'><strong>Denique</strong></span> <span class='ocrx_word' id='word_1_187' title='bbox 2849 2448 2888 2487; x_wconf 91' lang='grc' dir='ltr'><strong><em>τ</em></strong></span> <span class='ocrx_word' id='word_1_188' title='bbox 2932 2420 3061 2487; x_wconf 88' lang='grc'><strong>109</strong></span> 
     </span>
     <span class='ocr_line' id='line_1_20' title="bbox 677 2528 3061 2620; baseline -0 -26"><span class='ocrx_word' id='word_1_189' title='bbox 677 2548 791 2614; x_wconf 91' lang='lat' dir='ltr'><strong>pro</strong></span> <span class='ocrx_word' id='word_1_190' title='bbox 847 2552 954 2594; x_wconf 84' lang='grc' dir='ltr'><strong>τευ</strong></span> <span class='ocrx_word' id='word_1_191' title='bbox 1017 2528 1050 2603; x_wconf 76' lang='grc' dir='ltr'>ἢ</span> <span class='ocrx_word' id='word_1_192' title='bbox 1102 2529 1256 2615; x_wconf 89' lang='lat' dir='ltr'><strong>quid</strong></span> <span class='ocrx_word' id='word_1_193' title='bbox 1303 2532 1386 2596; x_wconf 87' lang='lat' dir='ltr'><strong>sit</strong></span> <span class='ocrx_word' id='word_1_194' title='bbox 1435 2530 1779 2620; x_wconf 87' lang='lat' dir='ltr'><strong>legendum</strong></span> <span class='ocrx_word' id='word_1_195' title='bbox 1827 2534 2143 2598; x_wconf 86' lang='lat' dir='ltr'><strong>incertum</strong></span> <span class='ocrx_word' id='word_1_196' title='bbox 2195 2540 2322 2608; x_wconf 88' lang='lat' dir='ltr'><strong>est,</strong></span> <span class='ocrx_word' id='word_1_197' title='bbox 2375 2530 2605 2598; x_wconf 77' lang='lat' dir='ltr'><strong>vitiose</strong></span> <span class='ocrx_word' id='word_1_198' title='bbox 2652 2549 2785 2595; x_wconf 91' lang='lat' dir='ltr'><strong>esse</strong></span> <span class='ocrx_word' id='word_1_199' title='bbox 2832 2528 3061 2607; x_wconf 82' lang='lat' dir='ltr'><strong>verba,</strong></span> 
     </span>
     <span class='ocr_line' id='line_1_21' title="bbox 678 2636 3061 2725; baseline -0.002 -23"><span class='ocrx_word' id='word_1_200' title='bbox 678 2638 1127 2702; x_wconf 83' lang='lat' dir='ltr'><strong>certissimum.</strong></span> <span class='ocrx_word' id='word_1_201' title='bbox 1194 2636 1437 2702; x_wconf 85' lang='lat' dir='ltr'><strong>Neuter</strong></span> <span class='ocrx_word' id='word_1_202' title='bbox 1488 2646 1700 2704; x_wconf 81' lang='lat' dir='ltr'><strong>tamen</strong></span> <span class='ocrx_word' id='word_1_203' title='bbox 1754 2637 1928 2704; x_wconf 86' lang='lat' dir='ltr'><strong>locus</strong></span> <span class='ocrx_word' id='word_1_204' title='bbox 1975 2647 2225 2704; x_wconf 78' lang='lat' dir='ltr'><strong>nostrae</strong></span> <span class='ocrx_word' id='word_1_205' title='bbox 2274 2637 2533 2725; x_wconf 78' lang='lat' dir='ltr'><strong>regulae</strong></span> <span class='ocrx_word' id='word_1_206' title='bbox 2579 2642 2963 2724; x_wconf 75' lang='lat' dir='ltr'><strong>repugnaret</strong></span> <span class='ocrx_word' id='word_1_207' title='bbox 3008 2637 3061 2699; x_wconf 88' lang='lat' dir='ltr'><strong>si</strong></span> 
     </span>
     <span class='ocr_line' id='line_1_22' title="bbox 680 2747 1094 2808; baseline -0.002 0"><span class='ocrx_word' id='word_1_208' title='bbox 680 2763 870 2808; x_wconf 78' lang='lat' dir='ltr'><strong>sanus</strong></span> <span class='ocrx_word' id='word_1_209' title='bbox 915 2747 1094 2808; x_wconf 89' lang='lat' dir='ltr'><strong>esset.</strong></span> 
     </span>
    </p>

    <p class='ocr_par' dir='ltr' id='par_1_9' title="bbox 1118 2848 2607 3041">
     <span class='ocr_line' id='line_1_23' title="bbox 1118 2848 2603 2937; baseline -0.001 -22"><span class='ocrx_word' id='word_1_210' title='bbox 1118 2849 1390 2936; x_wconf 82' lang='lat' dir='ltr'><strong>Legitur</strong></span> <span class='ocrx_word' id='word_1_211' title='bbox 1435 2851 1640 2937; x_wconf 87' lang='lat' dir='ltr'><strong>igitur</strong></span> <span class='ocrx_word' id='word_1_212' title='bbox 1687 2851 1893 2916; x_wconf 78' lang='lat' dir='ltr'><strong>forma</strong></span> <span class='ocrx_word' id='word_1_213' title='bbox 1943 2850 2261 2936; x_wconf 79' lang='lat' dir='ltr'><strong>bisyllaba</strong></span> <span class='ocrx_word' id='word_1_214' title='bbox 2312 2848 2469 2915; x_wconf 90' lang='lat' dir='ltr'><strong>locis</strong></span> <span class='ocrx_word' id='word_1_215' title='bbox 2563 2849 2603 2913; x_wconf 88' lang='lat'>4</span> 
     </span>
     <span class='ocr_line' id='line_1_24' title="bbox 1762 2953 2607 3041; baseline -0.001 -21"><span class='ocrx_word' id='word_1_216' title='bbox 1762 2959 2015 3021; x_wconf 87' lang='lat' dir='ltr'><strong>restitui</strong></span> <span class='ocrx_word' id='word_1_217' title='bbox 2064 2961 2271 3041; x_wconf 87' lang='lat' dir='ltr'><strong>potest</strong></span> <span class='ocrx_word' id='word_1_218' title='bbox 2318 2954 2474 3021; x_wconf 92' lang='lat' dir='ltr'><strong>locis</strong></span> <span class='ocrx_word' id='word_1_219' title='bbox 2566 2953 2607 3019; x_wconf 88' lang='lat'>6</span> 
     </span>
    </p>

    <p class='ocr_par' dir='ltr' id='par_1_10' title="bbox 1109 3058 2611 3233">
     <span class='ocr_line' id='line_1_25' title="bbox 1109 3058 2606 3148; baseline -0.001 -21"><span class='ocrx_word' id='word_1_220' title='bbox 1109 3065 1172 3127; x_wconf 87' lang='lat' dir='ltr'><strong>et</strong></span> <span class='ocrx_word' id='word_1_221' title='bbox 1217 3081 1330 3145; x_wconf 90' lang='lat' dir='ltr'><strong>per</strong></span> <span class='ocrx_word' id='word_1_222' title='bbox 1374 3060 1704 3128; x_wconf 87' lang='lat' dir='ltr'><strong>elisionem</strong></span> <span class='ocrx_word' id='word_1_223' title='bbox 1750 3062 2013 3148; x_wconf 85' lang='lat' dir='ltr'><strong>proferri</strong></span> <span class='ocrx_word' id='word_1_224' title='bbox 2061 3067 2267 3148; x_wconf 90' lang='lat' dir='ltr'><strong>potest</strong></span> <span class='ocrx_word' id='word_1_225' title='bbox 2314 3059 2471 3127; x_wconf 89' lang='lat' dir='ltr'><strong>locis</strong></span> <span class='ocrx_word' id='word_1_226' title='bbox 2524 3058 2606 3125; x_wconf 84' lang='lat'><strong>15</strong></span> 
     </span>
     <span class='ocr_line' id='line_1_26' title="bbox 2526 3169 2611 3233; baseline -0.024 0"><span class='ocrx_word' id='word_1_227' title='bbox 2526 3169 2611 3233; x_wconf 82' lang='lat'><strong>25</strong></span> 
     </span>
    </p>

    <p class='ocr_par' dir='ltr' id='par_1_11' title="bbox 678 3269 3071 3784">
     <span class='ocr_line' id='line_1_27' title="bbox 771 3269 3064 3358; baseline -0.001 -19"><span class='ocrx_word' id='word_1_228' title='bbox 771 3273 894 3354; x_wconf 84' lang='lat' dir='ltr'><strong>Qui</strong></span> <span class='ocrx_word' id='word_1_229' title='bbox 948 3295 1093 3341; x_wconf 89' lang='lat' dir='ltr'><strong>vero</strong></span> <span class='ocrx_word' id='word_1_230' title='bbox 1140 3274 1393 3339; x_wconf 79' lang='lat' dir='ltr'><strong>obstant</strong></span> <span class='ocrx_word' id='word_1_231' title='bbox 1437 3273 1562 3341; x_wconf 91' lang='lat' dir='ltr'><strong>loci</strong></span> <span class='ocrx_word' id='word_1_232' title='bbox 1611 3279 1738 3340; x_wconf 87' lang='lat' dir='ltr'><strong>tres</strong></span> <span class='ocrx_word' id='word_1_233' title='bbox 1784 3280 1933 3340; x_wconf 86' lang='lat' dir='ltr'><strong>sunt</strong></span> <span class='ocrx_word' id='word_1_234' title='bbox 1980 3293 2275 3358; x_wconf 86' lang='lat' dir='ltr'><strong>numer03</strong></span> <span class='ocrx_word' id='word_1_235' title='bbox 2320 3293 2549 3358; x_wconf 88' lang='lat' dir='ltr'><strong>nempe</strong></span> <span class='ocrx_word' id='word_1_236' title='bbox 2590 3285 2632 3337; x_wconf 89' lang='lat' dir='ltr'><strong>B</strong></span> <span class='ocrx_word' id='word_1_237' title='bbox 2679 3269 2809 3338; x_wconf 83' lang='lat'><strong>388</strong></span> <span class='ocrx_word' id='word_1_238' title='bbox 2835 3269 3064 3350; x_wconf 74' lang='grc' dir='ltr'><strong><em>ἱδρώσει</em></strong></span> 
     </span>
     <span class='ocr_line' id='line_1_28' title="bbox 679 3375 3067 3467; baseline -0.002 -22"><span class='ocrx_word' id='word_1_239' title='bbox 679 3380 795 3458; x_wconf 79' lang='grc' dir='ltr'><strong>μέν</strong></span> <span class='ocrx_word' id='word_1_240' title='bbox 840 3403 946 3444; x_wconf 84' lang='grc' dir='ltr'><strong>τευ</strong></span> <span class='ocrx_word' id='word_1_241' title='bbox 993 3377 1284 3456; x_wconf 72' lang='grc' dir='ltr'><strong><em>τελαμὼν</em></strong></span> <span class='ocrx_word' id='word_1_242' title='bbox 1334 3380 1507 3460; x_wconf 70' lang='grc' dir='ltr'><strong>ἀμφὶ</strong></span> <span class='ocrx_word' id='word_1_243' title='bbox 1548 3381 1888 3460; x_wconf 73' lang='grc' dir='ltr'><strong><em>στήθεσφιν</em></strong></span> <span class='ocrx_word' id='word_1_244' title='bbox 1936 3380 2105 3467; x_wconf 87' lang='lat' dir='ltr'><strong>(lege</strong></span> <span class='ocrx_word' id='word_1_245' title='bbox 2140 3383 2245 3444; x_wconf 76' lang='grc' dir='ltr'><strong>’τεο</strong></span> <span class='ocrx_word' id='word_1_246' title='bbox 2283 3379 2395 3456; x_wconf 76' lang='grc' dir='ltr'><strong>μὲν</strong></span> <span class='ocrx_word' id='word_1_247' title='bbox 2412 3376 2499 3460; x_wconf 80' lang='lat'><strong>?),</strong></span> <span class='ocrx_word' id='word_1_248' title='bbox 2542 3405 2584 3446; x_wconf 84' lang='grc' dir='ltr'>ω</span> <span class='ocrx_word' id='word_1_249' title='bbox 2612 3375 2744 3444; x_wconf 82' lang='lat'><em>25¹7</em></span> <span class='ocrx_word' id='word_1_250' title='bbox 2770 3383 2878 3443; x_wconf 84' lang='grc' dir='ltr'><strong>τεῦ</strong></span> <span class='ocrx_word' id='word_1_251' title='bbox 2904 3377 3067 3454; x_wconf 75' lang='grc' dir='ltr'><strong>δμὼς</strong></span> 
     </span>
     <span class='ocr_line' id='line_1_29' title="bbox 678 3483 3067 3571; baseline -0.002 -20"><span class='ocrx_word' id='word_1_252' title='bbox 678 3484 812 3551; x_wconf 76' lang='grc' dir='ltr'><strong>ἔστ’</strong></span> <span class='ocrx_word' id='word_1_253' title='bbox 875 3486 1094 3568; x_wconf 67' lang='grc' dir='ltr'><strong><em>ἀνδρῶν</em></strong></span> <span class='ocrx_word' id='word_1_254' title='bbox 1155 3506 1374 3552; x_wconf 83' lang='lat' dir='ltr'><strong>versus</strong></span> <span class='ocrx_word' id='word_1_255' title='bbox 1431 3486 1652 3564; x_wconf 89' lang='lat' dir='ltr'><strong>initio,</strong></span> <span class='ocrx_word' id='word_1_256' title='bbox 1720 3487 1989 3571; x_wconf 88' lang='lat' dir='ltr'><strong>denique</strong></span> <span class='ocrx_word' id='word_1_257' title='bbox 2057 3510 2085 3566; x_wconf 84' lang='grc' dir='ltr'>ρ</span> <span class='ocrx_word' id='word_1_258' title='bbox 2154 3484 2281 3550; x_wconf 86' lang='grc'><strong>421</strong></span> <span class='ocrx_word' id='word_1_259' title='bbox 2332 3511 2413 3536; x_wconf 91' lang='lat'><strong><em>=</em></strong></span> <span class='ocrx_word' id='word_1_260' title='bbox 2459 3509 2497 3550; x_wconf 93' lang='grc' dir='ltr'><strong><em>τ</em></strong></span> <span class='ocrx_word' id='word_1_261' title='bbox 2548 3484 2633 3551; x_wconf 83' lang='grc'><strong>’77</strong></span> <span class='ocrx_word' id='word_1_262' title='bbox 2682 3483 2819 3565; x_wconf 70' lang='grc' dir='ltr'><strong><em>τοίῳ</em></strong></span> <span class='ocrx_word' id='word_1_263' title='bbox 2868 3483 3067 3556; x_wconf 79' lang='grc' dir='ltr'><em>ὁποῖος</em></span> 
     </span>
     <span class='ocr_line' id='line_1_30' title="bbox 683 3587 3071 3678; baseline -0.001 -22"><span class='ocrx_word' id='word_1_264' title='bbox 683 3593 762 3657; x_wconf 74' lang='grc' dir='ltr'><strong>ἔοι</strong></span> <span class='ocrx_word' id='word_1_265' title='bbox 830 3592 933 3656; x_wconf 74' lang='grc' dir='ltr'><strong>καὶ</strong></span> <span class='ocrx_word' id='word_1_266' title='bbox 996 3587 1134 3656; x_wconf 76' lang='grc' dir='ltr'><strong><em>ὅτευ</em></strong></span> <span class='ocrx_word' id='word_1_267' title='bbox 1198 3592 1574 3673; x_wconf 76' lang='grc' dir='ltr'><em>κεχρημένος</em></span> <span class='ocrx_word' id='word_1_268' title='bbox 1639 3592 1797 3658; x_wconf 74' lang='grc' dir='ltr'><em>ἔλθοι</em></span> <span class='ocrx_word' id='word_1_269' title='bbox 1863 3613 2023 3678; x_wconf 81' lang='lat' dir='ltr'><strong>quae</strong></span> <span class='ocrx_word' id='word_1_270' title='bbox 2090 3592 2281 3658; x_wconf 81' lang='lat' dir='ltr'><strong>verbe</strong></span> <span class='ocrx_word' id='word_1_271' title='bbox 2342 3593 2587 3658; x_wconf 88' lang='lat' dir='ltr'><strong>nemini</strong></span> <span class='ocrx_word' id='word_1_272' title='bbox 2652 3592 2870 3676; x_wconf 90' lang='lat' dir='ltr'><strong>opinor</strong></span> <span class='ocrx_word' id='word_1_273' title='bbox 2918 3608 3071 3656; x_wconf 78' lang='lat' dir='ltr'><strong>sana</strong></span> 
     </span>
     <span class='ocr_line' id='line_1_31' title="bbox 680 3699 1884 3784; baseline -0.002 -17"><span class='ocrx_word' id='word_1_274' title='bbox 680 3699 1072 3768; x_wconf 82' lang='lat' dir='ltr'><strong>videbuntur</strong></span> <span class='ocrx_word' id='word_1_275' title='bbox 1083 3719 1099 3778; x_wconf 72' lang='grc' dir='ltr'><strong><em>ς</em></strong></span> <span class='ocrx_word' id='word_1_276' title='bbox 1149 3700 1412 3765; x_wconf 76' lang='lat' dir='ltr'><strong>fortasse</strong></span> <span class='ocrx_word' id='word_1_277' title='bbox 1457 3702 1674 3784; x_wconf 81' lang='lat' dir='ltr'><strong>spuria</strong></span> <span class='ocrx_word' id='word_1_278' title='bbox 1720 3705 1884 3764; x_wconf 88' lang='lat' dir='ltr'><strong>sunt.</strong></span> 
     </span>
    </p>
   </div>
   <div class='ocr_carea' id='block_1_4' title="bbox 2464 3153 2661 3162">
    <p class='ocr_par' dir='ltr' id='par_1_12' title="bbox 2464 3153 2661 3162">
     <span class='ocr_line' id='line_1_32' title="bbox 2464 3153 2661 3162; baseline 0 0"><span class='ocrx_word' id='word_1_279' title='bbox 2464 3153 2661 3162; x_wconf 95' lang='lat' dir='ltr'><strong> </strong></span> 
     </span>
    </p>
   </div>
   <div class='ocr_carea' id='block_1_5' title="bbox 687 3819 1006 3828">
    <p class='ocr_par' dir='ltr' id='par_1_13' title="bbox 687 3819 1006 3828">
     <span class='ocr_line' id='line_1_33' title="bbox 687 3819 1006 3828; baseline 0 0"><span class='ocrx_word' id='word_1_280' title='bbox 687 3819 1006 3828; x_wconf 95' lang='lat' dir='ltr'><strong> </strong></span> 
     </span>
    </p>
   </div>
   <div class='ocr_carea' id='block_1_6' title="bbox 679 3861 3079 4366">
    <p class='ocr_par' dir='ltr' id='par_1_14' title="bbox 679 3861 3079 4366">
     <span class='ocr_line' id='line_1_34' title="bbox 753 3861 3074 3932; baseline -0.003 -16"><span class='ocrx_word' id='word_1_281' title='bbox 753 3867 806 3932; x_wconf 93' lang='lat' dir='ltr'><strong>l)</strong></span> <span class='ocrx_word' id='word_1_282' title='bbox 855 3867 1205 3916; x_wconf 78' lang='lat' dir='ltr'><strong>Assentientem</strong></span> <span class='ocrx_word' id='word_1_283' title='bbox 1250 3881 1328 3916; x_wconf 85' lang='lat' dir='ltr'><strong>mc</strong></span> <span class='ocrx_word' id='word_1_284' title='bbox 1361 3865 1639 3916; x_wconf 75' lang='lat' dir='ltr'><strong>habiturum</strong></span> <span class='ocrx_word' id='word_1_285' title='bbox 1673 3881 1772 3915; x_wconf 76' lang='lat' dir='ltr'><strong>esse</strong></span> <span class='ocrx_word' id='word_1_286' title='bbox 1806 3865 2072 3916; x_wconf 82' lang='lat' dir='ltr'><strong>Christinm</strong></span> <span class='ocrx_word' id='word_1_287' title='bbox 2085 3903 2099 3926; x_wconf 89' lang='lat'><em>,</em></span> <span class='ocrx_word' id='word_1_288' title='bbox 2135 3881 2325 3932; x_wconf 71' lang='lat' dir='ltr'><strong>sperare</strong></span> <span class='ocrx_word' id='word_1_289' title='bbox 2358 3864 2471 3914; x_wconf 81' lang='lat' dir='ltr'><strong>licet</strong></span> <span class='ocrx_word' id='word_1_290' title='bbox 2504 3879 2561 3914; x_wconf 86' lang='lat' dir='ltr'><strong>ex</strong></span> <span class='ocrx_word' id='word_1_291' title='bbox 2594 3862 2652 3913; x_wconf 74' lang='lat' dir='ltr'><strong>iis</strong></span> <span class='ocrx_word' id='word_1_292' title='bbox 2686 3878 2809 3928; x_wconf 70' lang='lat' dir='ltr'><strong>quse</strong></span> <span class='ocrx_word' id='word_1_293' title='bbox 2842 3861 2892 3912; x_wconf 90' lang='lat' dir='ltr'><strong>in</strong></span> <span class='ocrx_word' id='word_1_294' title='bbox 2920 3861 3074 3911; x_wconf 76' lang='lat' dir='ltr'><strong>doctis</strong></span> 
     </span>
     <span class='ocr_line' id='line_1_35' title="bbox 681 3949 3073 4022; baseline -0.004 -15"><span class='ocrx_word' id='word_1_295' title='bbox 681 3973 792 4007; x_wconf 76' lang='lat' dir='ltr'><strong>suae</strong></span> <span class='ocrx_word' id='word_1_296' title='bbox 836 3955 1058 4006; x_wconf 77' lang='lat' dir='ltr'><strong>editionis</strong></span> <span class='ocrx_word' id='word_1_297' title='bbox 1101 3955 1449 4022; x_wconf 80' lang='lat' dir='ltr'><strong>prolegomenis</strong></span> <span class='ocrx_word' id='word_1_298' title='bbox 1491 3971 1599 4020; x_wconf 73' lang='lat' dir='ltr'><strong>pag.</strong></span> <span class='ocrx_word' id='word_1_299' title='bbox 1649 3956 1746 4005; x_wconf 83' lang='lat'><strong>138</strong></span> <span class='ocrx_word' id='word_1_300' title='bbox 1790 3957 1848 4005; x_wconf 83' lang='lat' dir='ltr'><strong>&lt;le</strong></span> <span class='ocrx_word' id='word_1_301' title='bbox 1894 3972 1980 4004; x_wconf 76' lang='grc' dir='ltr'><strong>σευ</strong></span> <span class='ocrx_word' id='word_1_302' title='bbox 2034 3958 2082 4005; x_wconf 82' lang='lat' dir='ltr'><strong>et</strong></span> <span class='ocrx_word' id='word_1_303' title='bbox 2130 3971 2208 4004; x_wconf 77' lang='lat' dir='ltr'><strong>m</strong></span> <span class='ocrx_word' id='word_1_304' title='bbox 2255 3953 2496 4012; x_wconf 61' lang='grc' dir='ltr'><strong>οἶκοι-ναις</strong></span> <span class='ocrx_word' id='word_1_305' title='bbox 2545 3965 2835 4018; x_wconf 74' lang='lat' dir='ltr'><strong>quamquam</strong></span> <span class='ocrx_word' id='word_1_306' title='bbox 2874 3949 3073 3999; x_wconf 73' lang='lat' dir='ltr'><strong>mirifloe</strong></span> 
     </span>
     <span class='ocr_line' id='line_1_36' title="bbox 683 4031 3071 4103; baseline -0.004 -13"><span class='ocrx_word' id='word_1_307' title='bbox 683 4042 813 4090; x_wconf 80' lang='lat' dir='ltr'><strong>emt</strong></span> <span class='ocrx_word' id='word_1_308' title='bbox 859 4055 969 4089; x_wconf 84' lang='lat' dir='ltr'><strong>cnm</strong></span> <span class='ocrx_word' id='word_1_309' title='bbox 1011 4038 1129 4088; x_wconf 86' lang='lat' dir='ltr'><strong>dicit</strong></span> <span class='ocrx_word' id='word_1_310' title='bbox 1179 4041 1454 4088; x_wconf 73' lang='lat' dir='ltr'><strong>..contracta</strong></span> <span class='ocrx_word' id='word_1_311' title='bbox 1487 4038 1641 4087; x_wconf 80' lang='lat' dir='ltr'><strong>forma</strong></span> <span class='ocrx_word' id='word_1_312' title='bbox 1676 4053 1941 4088; x_wconf 64' lang='lat' dir='ltr'><strong>stennon</strong></span> <span class='ocrx_word' id='word_1_313' title='bbox 1976 4053 2036 4088; x_wconf 77' lang='lat' dir='ltr'><strong>m·</strong></span> <span class='ocrx_word' id='word_1_314' title='bbox 2068 4039 2241 4088; x_wconf 73' lang='lat' dir='ltr'><strong>tertiae</strong></span> <span class='ocrx_word' id='word_1_315' title='bbox 2274 4052 2499 4103; x_wconf 76' lang='lat' dir='ltr'><strong>personae</strong></span> <span class='ocrx_word' id='word_1_316' title='bbox 2546 4049 2776 4086; x_wconf 64' lang='lat' dir='ltr'><strong>rumano</strong></span> <span class='ocrx_word' id='word_1_317' title='bbox 2830 4031 3071 4091; x_wconf 83' lang='lat' dir='ltr'><strong>occurrit,</strong></span> 
     </span>
     <span class='ocr_line' id='line_1_37' title="bbox 684 4122 3073 4194; baseline -0.004 -14"><span class='ocrx_word' id='word_1_318' title='bbox 684 4133 730 4180; x_wconf 88' lang='lat' dir='ltr'><strong>et</strong></span> <span class='ocrx_word' id='word_1_319' title='bbox 762 4144 935 4180; x_wconf 74' lang='lat' dir='ltr'><strong>‘tumus</strong></span> <span class='ocrx_word' id='word_1_320' title='bbox 969 4128 1140 4194; x_wconf 80' lang='lat' dir='ltr'><strong>quibus</strong></span> <span class='ocrx_word' id='word_1_321' title='bbox 1173 4127 1383 4177; x_wconf 84' lang='lat' dir='ltr'><strong>occurrit</strong></span> <span class='ocrx_word' id='word_1_322' title='bbox 1415 4127 1531 4176; x_wconf 83' lang='lat' dir='ltr'><strong>loeis</strong></span> <span class='ocrx_word' id='word_1_323' title='bbox 1567 4129 1624 4193; x_wconf 73' lang='grc' dir='ltr'><strong>(Ξ</strong></span> <span class='ocrx_word' id='word_1_324' title='bbox 1657 4127 1784 4189; x_wconf 82' lang='lat'><strong>427,</strong></span> <span class='ocrx_word' id='word_1_325' title='bbox 1822 4137 1865 4178; x_wconf 85' lang='lat' dir='ltr'>T</span> <span class='ocrx_word' id='word_1_326' title='bbox 1900 4131 2025 4190; x_wconf 77' lang='lat'><strong>³84,</strong></span> <span class='ocrx_word' id='word_1_327' title='bbox 2062 4133 2096 4178; x_wconf 88' lang='grc' dir='ltr'>Γ</span> <span class='ocrx_word' id='word_1_328' title='bbox 2130 4129 2250 4192; x_wconf 81' lang='grc'><strong>206)</strong></span> <span class='ocrx_word' id='word_1_329' title='bbox 2284 4128 2531 4176; x_wconf 71' lang='lat' dir='ltr'><strong>contracte</strong></span> <span class='ocrx_word' id='word_1_330' title='bbox 2556 4125 2711 4172; x_wconf 75' lang='lat' dir='ltr'><strong>forme</strong></span> <span class='ocrx_word' id='word_1_331' title='bbox 2738 4122 2880 4173; x_wconf 76' lang='lat' dir='ltr'><strong>elisae</strong></span> <span class='ocrx_word' id='word_1_332' title='bbox 2908 4123 3073 4171; x_wconf 80' lang='lat' dir='ltr'><strong>cedere</strong></span> 
     </span>
     <span class='ocr_line' id='line_1_38' title="bbox 681 4210 3075 4288; baseline -0.005 -17"><span class='ocrx_word' id='word_1_333' title='bbox 681 4223 864 4288; x_wconf 73' lang='lat' dir='ltr'><strong>potest,</strong></span> <span class='ocrx_word' id='word_1_334' title='bbox 901 4221 1076 4284; x_wconf 66' lang='lat' dir='ltr'><strong>quatio</strong></span> <span class='ocrx_word' id='word_1_335' title='bbox 1111 4221 1272 4268; x_wconf 73' lang='lat' dir='ltr'><strong>nutem</strong></span> <span class='ocrx_word' id='word_1_336' title='bbox 1304 4217 1410 4268; x_wconf 84' lang='lat' dir='ltr'><strong>loco</strong></span> <span class='ocrx_word' id='word_1_337' title='bbox 1447 4221 1488 4264; x_wconf 94' lang='lat'><em>0</em></span> <span class='ocrx_word' id='word_1_338' title='bbox 1523 4217 1620 4266; x_wconf 79' lang='lat'><strong>165</strong></span> <span class='ocrx_word' id='word_1_339' title='bbox 1651 4216 1795 4266; x_wconf 76' lang='lat' dir='ltr'><strong>lectio</strong></span> <span class='ocrx_word' id='word_1_340' title='bbox 1825 4218 2118 4267; x_wconf 84' lang='lat' dir='ltr'><strong>deteriorum</strong></span> <span class='ocrx_word' id='word_1_341' title='bbox 2136 4215 2349 4265; x_wconf 83' lang='lat' dir='ltr'><strong>codicum</strong></span> <span class='ocrx_word' id='word_1_342' title='bbox 2384 4213 2435 4263; x_wconf 64' lang='lat' dir='ltr'><strong>‘do</strong></span> <span class='ocrx_word' id='word_1_343' title='bbox 2468 4213 2777 4280; x_wconf 68' lang='lat' dir='ltr'><strong>praeferende</strong></span> <span class='ocrx_word' id='word_1_344' title='bbox 2810 4226 2911 4261; x_wconf 73' lang='lat' dir='ltr'><strong>esse</strong></span> <span class='ocrx_word' id='word_1_345' title='bbox 2942 4210 3075 4260; x_wconf 83' lang='lat' dir='ltr'><strong>vide·</strong></span> 
     </span>
     <span class='ocr_line' id='line_1_39' title="bbox 679 4292 3079 4366; baseline -0.004 -14"><span class='ocrx_word' id='word_1_346' title='bbox 679 4300 813 4352; x_wconf 83' lang='lat' dir='ltr'><strong>tnr”.</strong></span> <span class='ocrx_word' id='word_1_347' title='bbox 877 4303 1112 4366; x_wconf 79' lang='lat' dir='ltr'><strong>Apertum</strong></span> <span class='ocrx_word' id='word_1_348' title='bbox 1145 4300 1275 4350; x_wconf 81' lang='lat' dir='ltr'><strong>enirn</strong></span> <span class='ocrx_word' id='word_1_349' title='bbox 1310 4302 1381 4349; x_wconf 80' lang='lat' dir='ltr'><strong>est</strong></span> <span class='ocrx_word' id='word_1_350' title='bbox 1415 4315 1524 4350; x_wconf 86' lang='lat' dir='ltr'><strong>eum</strong></span> <span class='ocrx_word' id='word_1_351' title='bbox 1558 4297 1666 4365; x_wconf 82' lang='lat' dir='ltr'><strong>plus</strong></span> <span class='ocrx_word' id='word_1_352' title='bbox 1699 4299 1907 4364; x_wconf 59' lang='lat' dir='ltr'><strong>triginta</strong></span> <span class='ocrx_word' id='word_1_353' title='bbox 1942 4299 2069 4348; x_wconf 85' lang='lat' dir='ltr'><strong>locos</strong></span> <span class='ocrx_word' id='word_1_354' title='bbox 2103 4297 2366 4361; x_wconf 79' lang='lat' dir='ltr'><strong>negligere,</strong></span> <span class='ocrx_word' id='word_1_355' title='bbox 2404 4313 2523 4362; x_wconf 81' lang='lat' dir='ltr'><strong>quos</strong></span> <span class='ocrx_word' id='word_1_356' title='bbox 2554 4311 2699 4361; x_wconf 69' lang='lat' dir='ltr'><strong>supra</strong></span> <span class='ocrx_word' id='word_1_357' title='bbox 2732 4293 2958 4352; x_wconf 60' lang='lat' dir='ltr'><strong>indicevh</strong></span> <span class='ocrx_word' id='word_1_358' title='bbox 3004 4292 3079 4342; x_wconf 67' lang='lat' dir='ltr'><strong>ite</strong></span> 
     </span>
    </p>
   </div>
   <div class='ocr_carea' id='block_1_7' title="bbox 683 4382 3079 4522">
    <p class='ocr_par' dir='ltr' id='par_1_15' title="bbox 683 4382 3079 4522">
     <span class='ocr_line' id='line_1_40' title="bbox 683 4382 3079 4454; baseline -0.003 -14"><span class='ocrx_word' id='word_1_359' title='bbox 683 4393 736 4440; x_wconf 80' lang='lat' dir='ltr'><strong>nt</strong></span> <span class='ocrx_word' id='word_1_360' title='bbox 779 4388 1031 4454; x_wconf 70' lang='lat' dir='ltr'><strong>suspiceris</strong></span> <span class='ocrx_word' id='word_1_361' title='bbox 1077 4403 1187 4439; x_wconf 72' lang='lat' dir='ltr'><strong>casn</strong></span> <span class='ocrx_word' id='word_1_362' title='bbox 1233 4388 1471 4454; x_wconf 74' lang='lat' dir='ltr'><strong>permixta</strong></span> <span class='ocrx_word' id='word_1_363' title='bbox 1511 4403 1610 4438; x_wconf 75' lang='lat' dir='ltr'><strong>esse</strong></span> <span class='ocrx_word' id='word_1_364' title='bbox 1654 4403 1777 4453; x_wconf 73' lang='lat' dir='ltr'><strong>quse</strong></span> <span class='ocrx_word' id='word_1_365' title='bbox 1818 4388 1895 4438; x_wconf 82' lang='lat' dir='ltr'><strong>vir</strong></span> <span class='ocrx_word' id='word_1_366' title='bbox 1928 4388 2093 4436; x_wconf 81' lang='lat' dir='ltr'><strong>doctus</strong></span> <span class='ocrx_word' id='word_1_367' title='bbox 2128 4385 2185 4435; x_wconf 80' lang='lat' dir='ltr'><strong>de</strong></span> <span class='ocrx_word' id='word_1_368' title='bbox 2220 4403 2306 4435; x_wconf 75' lang='grc' dir='ltr'><strong>σευ</strong></span> <span class='ocrx_word' id='word_1_369' title='bbox 2341 4394 2389 4436; x_wconf 87' lang='lat' dir='ltr'><strong>et</strong></span> <span class='ocrx_word' id='word_1_370' title='bbox 2421 4402 2543 4452; x_wconf 68' lang='lat' dir='ltr'><strong>qnae</strong></span> <span class='ocrx_word' id='word_1_371' title='bbox 2576 4387 2633 4435; x_wconf 84' lang='lat' dir='ltr'><strong>de</strong></span> <span class='ocrx_word' id='word_1_372' title='bbox 2670 4401 2749 4433; x_wconf 76' lang='lat' dir='ltr'><strong>nv</strong></span> <span class='ocrx_word' id='word_1_373' title='bbox 2794 4384 2845 4433; x_wconf 90' lang='lat' dir='ltr'><strong>in</strong></span> <span class='ocrx_word' id='word_1_374' title='bbox 2893 4382 3079 4433; x_wconf 74' lang='lat' dir='ltr'><strong>schedis</strong></span> 
     </span>
     <span class='ocr_line' id='line_1_41' title="bbox 686 4470 1018 4522; baseline 0 -1"><span class='ocrx_word' id='word_1_375' title='bbox 686 4470 1018 4522; x_wconf 68' lang='lat' dir='ltr'><strong>adnotavi-oet.</strong></span> 
     </span>
    </p>
   </div>
  </div>
 </body>
</html>
