3436 5161
658 364 789 432 406
1356 391 1371 415 r
1676 384 1998 435 nemus.

652 552 928 637 tragicos
973 549 1227 617 Atticos
1271 550 1437 617 nihil
1482 570 1607 616 non
1646 548 2000 638 sig-nificare
2025 554 2236 635 potest
2255 600 2272 634 ,
2309 570 2514 636 neque
2538 552 2744 639 igitur
2765 549 3043 637 dilig-en-

654 659 845 722 tiores
906 657 1100 722 fuisse
1163 664 1379 743 poetas
1442 656 1904 723 Alexandrinos
1949 660 2018 721 in
2066 677 2214 723 vero
2261 660 2401 723 eine
2446 679 2564 724 usu
2612 656 3007 723 observando
3025 704 3046 735 ,

652 783 837 829 nemo
884 763 1241 831 mirabitur.
1288 763 1487 829 Locos
1532 770 1824 830 accurate
1869 765 2255 849 conquisitos
2277 764 2494 831 afferre
2511 812 2529 841 ‚
2569 764 2741 830 haud
2775 764 3048 829 fortasse

654 872 777 935 erit
820 868 1087 935 inutile:

749 977 1295 1062 1)σφε--αὐτο’ν
1354 978 1550 1043 habes
1612 978 1781 1062 apud
1842 978 2186 1063 Aeschylum
2241 977 2455 1044 Prom.
2509 977 2586 1053 9,
2637 976 2812 1063 Sept.
2865 974 3038 1053 469,

1198 1083 1366 1161 615,
1419 1080 1585 1160 617,
1636 1080 1804 1160 630,
1852 1080 2062 1161 1028,
2105 1082 2281 1149 Pers.
2336 1082 2500 1163 198,
2535 1086 2768 1173 Agam.
2823 1079 3045 1159 1642,

1196 1190 1387 1255 Eum.
1434 1188 1603 1276 2343

1106 1298 1275 1383 apud
1338 1298 1665 1380 Sophoclem
1729 1300 1830 1363 Ai.
1883 1297 2004 1375 51,
2066 1298 2186 1375 74,
2239 1302 2388 1365 Ant.
2439 1296 2562 1376 44,
2615 1294 2785 1373 516,
2834 1294 2909 1360 Ο.
2953 1294 3047 1361 Β..

1203 1402 1369 1481 761,
1413 1402 1485 1468 Ο.
1512 1403 1585 1469 Ο.
1628 1402 1752 1482 40,
1795 1402 1967 1473 1567
1987 1402 2102 1491 (Y),
2144 1404 2247 1469 El.
2273 1402 2536 1490 5616),
2576 1400 2786 1487 1396,
2813 1402 3048 1467 Trech-

1204 1508 1368 1595 121,
1418 1509 1586 1595 234,
1636 1510 1805 1589 463,
1855 1511 2027 1589 804,
2075 1510 2246 1596 831,
2295 1512 2570 1577 Philoct.
2619 1508 2787 1589 200,

1109 1618 1278 1703 apud
1314 1618 1663 1701 Euripidem
1702 1617 1896 1685 Rhea.
1923 1616 2048 1683 601
2076 1666 2091 1695 ,
2131 1619 2268 1683 Alo.
2303 1616 2386 1683 16
2406 1666 2424 1694 ,
2451 1617 2584 1681 200
2603 1665 2620 1693 ,
2648 1616 2815 1701 553,
2840 1614 3046 1699 Hipp.

1200 1722 1371 1803 893,
1430 1726 1633 1791 Andr.
1698 1724 1911 1810 1001,
1979 1725 2206 1791 Troad.
2269 1723 2430 1800 720,
2499 1721 2708 1801 1133,
2757 1720 2865 1787 Or.
2913 1720 3044 1797 29,

1198 1830 1523 1897 Phoenise.
1576 1828 1748 1917 764,
1799 1830 2008 1908 1657,
2053 1830 2278 1917 Suppl.
2310 1830 2478 1908 153,
2503 1829 2696 1895 Here.
2721 1829 2847 1893 fur.
2877 1826 3048 1903 398,

1202 1937 1370 2021 541,
1432 1937 1562 2004 Ion.
1630 1937 1753 2017 54,
1822 1938 1941 2017 71,
2006 1939 2128 2012 81,
2193 1936 2361 2015 269,
2428 1936 2593 2019 282,
2648 1934 2818 2012 285,
2869 1933 3046 2018 286,

1202 2043 1369 2128 348,
1417 2043 1645 2109 Helen.
1696 2042 1863 2119 937.
1921 2044 2130 2123 1201,
2182 2042 2393 2122 1217,
2442 2043 2584 2130 Iph.
2632 2041 2824 2107 Tam.
2875 2038 3043 2124 587,

1204 2148 1373 2227 742,
1424 2148 1635 2235 1184,
1682 2150 1914 2238 fragm.
1971 2150 2182 2229 1058,
2233 2150 2308 2229 3,
2359 2156 2460 2215 et·

1108 2257 1277 2343 apud
1320 2258 1778 2340 Aristophanem
1825 2258 1920 2344 (in
1958 2258 2217 2343 pat-odia
2256 2257 2554 2323 dictionis
2575 2255 2800 2341 epicae)
2823 2252 3048 2339 Equit-

1207 2362 1403 2428 1020.

750 2468 821 2559 2)
859 2478 989 2553 σφε
1010 2494 1092 2523 ==
1114 2470 1309 2546 αὐτήν
1353 2470 1635 2557 legimus
1680 2470 1850 2556 apud
1897 2472 2246 2555 Aeschylum
2289 2469 2480 2534 Eum.
2529 2467 2697 2544 610,

1113 2576 1282 2664 apud
1328 2577 1655 2661 Sophoclem
1703 2580 1924 2666 Antig.
1969 2576 2136 2656 772,
2178 2576 2404 2643 Trach.
2429 2572 2598 2654 878,
2639 2573 2803 2657 912,
2834 2570 3043 2659 1133,

1112 2683 1279 2771 apud
1343 2685 1687 2766 Euripidem
1747 2684 1982 2754 Alcest.
2031 2684 2154 2770 20,
2212 2683 2376 2768 107,
2434 2683 2596 2760 149,
2647 2679 2820 2766 834,
2869 2679 3042 2746 Med.

1203 2789 1328 2874 33,
1393 2789 1565 2874 806,
1630 2788 1800 2874 944,
1847 2790 2154 2856 Androm.
2205 2791 2330 2869 39,
2378 2788 2546 2868 347,
2595 2787 2824 2854 Helen.
2876 2785 3042 2870 607,

1204 2895 1372 2975 989,
1419 2896 1652 2962 Electr.
1702 2895 1825 2980 27,
1877 2896 2092 2984 Iphig.
2140 2896 2288 2961 Aul.
2341 2896 2428 2963 70
2451 2893 2568 2982 (2),
2625 2893 2830 2972 1349,

1114 3003 1283 3093 apnd
1336 3004 1755 3068 Callimachum
1801 3003 2049 3090 Hymn.
2097 3001 2278 3068 Dian.
2338 3000 2465 3069 197
2486 3049 2502 3078 ,
2551 3000 2690 3066 Del.
2745 3001 2848 3066 15.

754 3109 823 3196 3)
860 3116 988 3193 σφε
1009 3135 1091 3162 ==
1115 3111 1317 3188 σιύτώ,
1366 3115 1538 3176 recte
1581 3111 1788 3198 igitur
1833 3109 2196 3174 adhibitum
2236 3129 2413 3175 more
2450 3107 2793 3172 Homerico
2815 3155 2834 3190 ,
2871 3109 3047 3172 inve-

1205 3219 1384 3282 nitur
1468 3216 1637 3302 apud
1706 3217 2051 3300 Aeschylum
2119 3215 2296 3301 Sept.
2370 3214 2500 3281 740
2521 3262 2538 3292 ,
2627 3212 2794 3298 788,
2875 3212 3042 3292 864,

1210 3322 1421 3400 1002,

1117 3428 1285 3514 apud
1332 3429 1662 3512 Sophoclem
1708 3431 1811 3494 Αἰ.
1860 3427 2064 3513 1389,
2107 3431 2330 3516 Antig.
2375 3427 2587 3509 1226,
2626 3427 2804 3496 Ο.Β.
2836 3426 3039 3508 1505,

1210 3533 1286 3600 Ο.
1336 3531 1408 3600 Ο.
1460 3533 1671 3620 1669,

1116 3641 1287 3727 apud
1325 3642 1671 3726 Euripidem
1708 3639 1883 3708 Med.
1913 3638 2038 3707 781
2064 3692 2080 3717 ,
2120 3641 2330 3727 1062,
2360 3641 2572 3719 1240,
2603 3639 2806 3720 1249,
2840 3638 3046 3719 1338,

1209 3747 1421 3826 1365,
1472 3745 1676 3826 1367,
1737 3747 1948 3827 1401,
1994 3748 2222 3816 Helen.
2276 3747 2440 3829 140,

1115 3855 1287 3940 apud
1331 3856 1717 3938 Apollonium
1765 3855 2062 3920 Rhodium
2111 3854 2202 3921 III
2253 3853 2337 3920 48
2355 3905 2372 3940 ,
2423 3854 2558 3922 370
2577 3903 2594 3934 ,
2643 3853 2794 3921 702.

1117 3962 1194 4027 In
1240 3959 1609 4048 Theogonia
1648 3961 1962 4028 Hesiodea
2001 3962 2108 4028 vel
2145 3965 2211 4026 in
2236 3961 2519 4050 Hymnis
2539 3961 2900 4028 Homericis
2921 3981 3047 4026 non

1209 4070 1483 4134 occurrit
1538 4089 1660 4134 vox
1723 4076 1850 4149 σφε
1867 4118 1882 4142 ,
1933 4069 2040 4133 sed
2088 4089 2278 4134 suum
2326 4069 2571 4134 obtinet
2613 4067 3046 4157 significatum

1207 4177 1277 4240 in
1322 4173 1519 4240 Scuto
1562 4173 1754 4240 Herc.
1795 4172 1882 4238 62
1903 4223 1921 4258 ,
1969 4179 2034 4240 et
2079 4176 2246 4260 apud
2294 4174 2730 4262 Theognidem
2782 4173 2934 4239 552.

758 4281 827 4368 4)
867 4289 994 4366 σφε
1016 4305 1097 4332 =
1123 4280 1344 4353 αὐτούς
1393 4282 1705 4364 reperitur
1754 4277 1922 4365 apud
1971 4281 2314 4366 Aeschylum
2355 4279 2578 4368 Suppl.
2629 4278 2796 4365 5073

1118 4386 1286 4474 apud
1342 4387 1690 4470 Euripidem
1751 4385 1920 4452 Med.
1989 4385 2157 4471 393,
2219 4385 2446 4452 Troad.
2501 4385 2620 4465 73,
2671 4385 2832 4452 Hee.
2877 4385 3044 4461 260,

1209 4491 1463 4560 Herael·
1520 4493 1647 4558 103
1672 4490 1783 4578 (2),
