3436 5161
1515 380 1914 431 unnonows.
2821 366 2907 435 69

615 548 726 616 IV.
780 546 908 614 103
953 548 1297 615 immolant
1339 547 1536 614 Tauri
1573 548 1714 621 τούς
1757 572 1827 612 τε
1868 546 2169 626 ναυηγοὺς
2212 546 2498 637 καὶτοὺς
2542 546 2618 615 ἂν
2657 551 2903 629 λάβωσι

522 656 832 731 Ἑλλήνων
882 656 1143 721 ἔπανα
1162 654 1308 737 χθέ
1329 678 1529 727 ντες.
1607 654 1863 721 Ferrem
1915 655 2179 721 fort-asse
2223 655 2343 720 hoc
2389 658 2795 742 participium
2844 664 2910 723 et

521 764 853 850 probarem
901 761 1124 827 Steinii
1169 761 1694 848 explicationem:
1736 762 1834 826 Sic
1872 785 2068 826 waren
2104 762 2325 826 sowokl
2358 762 2605 827 Str-and·
2646 765 2740 828 ale
2777 764 2907 829 See-

521 871 776 947 rdn-ber,
838 870 962 934 nisi
1023 868 1305 935 viderem
1366 871 1436 933 ir.
1489 868 1702 933 codice
1749 867 2034 933 Romano
2088 866 2561 951 ἐπαναχθέντας
2612 871 2905 937 inveniri.

523 976 720 1042 Ducit
763 976 884 1041 hoc
930 976 1046 1040 ad:
1095 974 1236 1047 τοὺς
1284 972 1362 1039 ἂν
1409 972 1656 1054 λάβωσι
1703 974 2015 1049 Ἑλλήνων
2056 973 2689 1055 πλαγχθέντας.
2738 974 2909 1041 Tum

521 1082 863 1170 naufragos
902 1080 1244 1147 immolant
1284 1086 1423 1147 tum
1465 1100 1570 1147 eos
1611 1082 1723 1166 qui
1766 1082 2081 1147 erroribus
2124 1083 2251 1146 acti
2275 1081 2385 1147 sed
2409 1081 2689 1169 navigiis
2714 1082 2909 1150 salvis

524 1188 604 1255 ad
649 1187 1024 1257 Chersonesi
1071 1187 1228 1254 litus
1275 1186 1675 1275 appulerunt.
1757 1185 1887 1273 Ipsi
1936 1189 2100 1253 mari
2150 1208 2274 1252 non
2322 1192 2611 1253 utuntur.

613 1402 721 1471 IV.
792 1401 922 1469 110
984 1403 1284 1468 dicuntur
1337 1402 1685 1468 Amazones
1733 1400 1895 1467 forte
1940 1403 2011 1466 in
2054 1402 2317 1490 navigio
2370 1406 2589 1487 captae
2634 1400 2915 1479 ἕπιθέμε·
2962 1394 2969 1401 ’

525 1534 620 1576 ναι
671 1510 1024 1590 ἐκκόψαι
1073 1508 1212 1580 τοὺς
1261 1507 1507 1588 ἄνδρας.
1577 1507 1787 1575 Malo:
1840 1507 2347 1587 κατακόψαι.

613 1721 720 1789 IV.
787 1722 938 1788 111.
1000 1721 1362 1789 Amazonas
1421 1721 1565 1788 illas
1633 1720 1913 1810 Scythae
1984 1720 2215 1789 ἐδόκεον
2289 1716 2443 1789 εἶναι
2512 1718 2733 1802 ἄνδρας
2803 1724 2915 1800 τὴν

522 1831 767 1906 aba-31⁹
820 1829 1060 1907 ἡλικίην
1101 1826 1392 1911 ἔχοντας.
1437 1828 1662 1895 Nonne
1701 1828 2081 1918 legendum:
2124 1830 2235 1904 τὴν
2275 1831 2585 1911 πρώτην
2630 1826 2911 1906 ἧλικίηνῗ

611 2043 708 2110 De
754 2044 913 2110 vitio
960 2047 1206 2109 constat
1251 2040 1350 2108 IV
1401 2040 1564 2107 119:
1618 2040 1686 2118 ἣν
1731 2043 1937 2122 μέντοι
1988 2042 2128 2125 ἐπίῃ
2177 2042 2279 2108 καὶ
2324 2042 2423 2108 ἐπὶ
2465 2044 2571 2118 τὴν
2614 2041 2910 2123 ἡμετέρην

519 2147 671 2230 ἄρξῃ
719 2176 789 2215 τε
837 2148 1086 2217 ἀδικέων
1140 2148 1244 2214 καὶ
1297 2152 1472 2226 ἡμεῖς
1525 2152 1602 2215 οὐ
1655 2147 2131 2227 πεισόμεθα.
2218 2150 2481 2215 Dudum
2528 2156 2623 2216 est
2664 2173 2740 2216 ex
2782 2170 2907 2236 quo

519 2254 799 2324 Cobetus
845 2259 1150 2344 conjecit:
1201 2258 1266 2323 οὐ
1309 2254 1743 2337 περιοψόμεθα.
1792 2256 2009 2322 Etiam
2048 2256 2301 2323 facilius
2342 2256 2605 2324 fortasse
2629 2259 2903 2344 poteris:

517 2364 622 2428 καὶ
673 2363 850 2441 ἡμεῖς
905 2362 1516 2442 ὑποςησόμεθα.

607 2574 727 2644 IV.
780 2574 942 2643 142:
997 2533 1351 2658 ἀνδράποδα
1394 2572 1963 2659 φιλοδέσποτα
2002 2576 2105 2643 καὶ
2152 2572 2389 2660 ἕδρης-α
2416 2577 2703 2666 μάλιςα,
2730 2578 2902 2648 malo

519 2684 1357 2767 φιλοδεσποτῶτατα.

603 2898 698 2965 De
757 2897 1045 2985 Libyssis
1090 2897 1372 2985 legimus
1419 2895 1509 2962 IV
1561 2895 1726 2962 168:
1776 2897 1893 2970 τας
1943 2897 2239 2980 κεφαλὰς
2291 2897 2353 2964 δὲ
2403 2897 2895 2980 κομέουσαι,

512 3005 651 3079 τοὺς
699 3007 957 3085 Φόεῖρας
1007 3005 1196 3069 ἐπεὰν
1234 3003 1483 3082 λάβωσι
1525 3003 1665 3076 τοὺς
1708 2997 1932 3080 ἑωυτῆς
1974 3005 2168 3080 {zaben
2211 3003 2555 3070 ἀντιδάκνει
2598 3004 2704 3070 καὶ
2746 3001 2899 3072 οὕτω

509 3114 726 3196 ῥίπτει.
801 3111 978 3178 Haec
1026 3111 1424 3176 incommode
1474 3111 1805 3177 cohaerent
1861 3133 1933 3177 ac
1979 3111 2211 3196 ferrem
2259 3113 2563 3199 demum,
2604 3115 2659 3178 si
2698 3115 2901 3178 omni-

513 3222 632 3285 bns
679 3220 792 3304 qni
839 3216 1102 3303 capillos
1141 3219 1589 3303 promitterent
1627 3217 1692 3282 id
1734 3220 2076 3284 necessario
2116 3219 2425 3286 accideret
2462 3217 2629 3304 qnod
2682 3220 2905 3287 Antio·

509 3325 694 3390 cheni
747 3327 1036 3411 jecerunt
1097 3324 1165 3388 in
1226 3322 1682 3410 Imperatorem
1746 3315 2116 3389 sulianum.
2204 3324 2331 3391 Hic
2396 3328 2493 3391 uti
2555 3328 2909 3412 poterimus

509 3429 734 3498 eadem
795 3433 1176 3497 correctione
1238 3451 1364 3516 qua
1429 3428 1935 3499 Valckenaerius
2000 3431 2300 3496 subvenit
2345 3431 2473 3498 VII
2520 3431 2693 3499 209:
2766 3435 2907 3508 Τὰς

510 3537 804 3618 κεφαλὰς
868 3535 932 3601 δὲ
981 3543 1325 3616 σμῶσαι·
1389 3537 1508 3602 hoc
1581 3539 1735 3602 bene
1785 3557 1851 3602 se
1898 3537 2128 3615 habet,
2178 3557 2301 3602 non
2350 3539 2709 3626 σμῶμεναι,
2756 3561 2907 3606 nam

510 3647 718 3711 amica
764 3646 1008 3710 amicae
1053 3644 1172 3709 hoc
1218 3643 1499 3709 officium
1551 3648 1849 3730 praestat.
1929 3642 2107 3709 Idem
2155 3646 2351 3709 etiam
2400 3646 2588 3712 hodie
2626 3645 2699 3711 fit
2736 3648 2905 3733 apud

506 3752 806 3817 barbaras
867 3755 1090 3839 gentes
1151 3752 1218 3814 in
1277 3747 1508 3815 finibus
1571 3749 2056 3815 Liberianorum
2083 3799 2103 3835 ,
2162 3751 2327 3836 quod
2391 3773 2469 3818 ex
2516 3752 2905 3819 Buttikoferi

507 3857 744 3924 Itinere
791 3856 1114 3934 intellexi3
1164 3863 1297 3922 tam
1347 3859 1516 3923 enim
1565 3855 1750 3923 firma
1798 3862 1894 3922 est
1942 3858 2109 3922 inter
2160 3856 2307 3922 illas
2360 3860 2701 3924 ornatrices
2742 3861 2903 3925 ami·

507 3966 698 4042 citia,
746 3983 871 4029 non
919 3965 1058 4034 τοὺς
1108 3965 1328 4038 &mvi-33&
1384 3961 1613 4040 ἑκάς-η,
1664 3963 1774 4030 sed
1819 3962 2018 4028 altera
2061 3965 2323 4030 alterius
2358 3971 2899 4046 ΚΛΠΤΕΙ-φεῦ

509 4075 618 4141 τῆς
680 4069 907 4145 ὑηνίας.
991 4069 1382 4136 Buttikoferi
1439 4069 1567 4136 Iter
1621 4077 1769 4136 ante
1836 4089 2071 4155 paucos
2133 4091 2379 4138 menses
2436 4071 2903 4140 Amstelodami

511 4175 746 4262 prodiit
795 4182 858 4242 et
905 4176 1054 4244 vide
1099 4178 1192 4241 ibi
1239 4199 1303 4262 p.
1355 4173 1461 4241 66.

601 4389 676 4457 V.
729 4388 850 4456 30:
902 4389 1132 4456 ἐδέοντο
1177 4393 1285 4454 τοῦ
1335 4390 1785 4470 Ἀρις-αγόρεω,
1833 4392 1889 4456 εἲ
1922 4414 2039 4463 κως
2079 4391 2319 4458 αὐτοῖσι
2362 4391 2681 4475 παράσχοι
2722 4391 2899 4460 3:521ae-

511 4497 618 4574 μίν
663 4521 800 4563 τινα
850 4497 982 4562 καὶ
1034 4496 1382 4563 κατέλθοιεν
1432 4497 1490 4570 ἐς
1539 4499 1646 4574 τὴν
1697 4499 1952 4566 ἑωυτῶν.
2026 4499 2234 4588 Lege:
2282 4502 2396 4576 ὥς.
