3436 5161
1426 317 1681 368 osssms
1721 317 1851 368 mo.
2705 295 2838 364 345

449 502 573 568 que
618 485 859 570 primos
904 485 1052 550 ante
1097 483 1142 550 1.
1186 481 1274 549 44
1302 481 1353 572 1)
1391 505 1470 550 ex
1509 482 1724 550 codice
1760 481 2035 568 quodam
2076 480 2384 549 secundae
2421 480 2640 548 classis
2676 480 2838 546 flux-

450 589 575 655 isse
618 589 1031 676 manifestum
1081 597 1197 658 est.
1270 590 1441 656 Eum
1488 589 1807 656 Venatum
1855 599 1898 654 Β
1953 588 2084 676 (vel
2129 588 2492 656 Parisinum
2535 588 2606 674 B)
2641 587 2839 654 fuisse

448 696 588 761 veri
648 683 863 761 simile
925 702 1023 761 est
1085 717 1199 763 nec
1263 700 1481 763 tamen
1526 695 1722 764 altius
1765 697 1835 762 in
1878 695 2044 762 hanc
2087 716 2220 761 rem
2259 695 2579 780 inquirere
2609 712 2839 780 operae

448 802 731 886 pretium
764 800 957 868 duxi.

538 1011 641 1078 Ad
684 1010 878 1078 finem
927 1014 1058 1080 iam
1106 1017 1225 1082 hac
1274 973 1702 1102 disputatione
1746 1015 2051 1101 perducta
2096 1014 2216 1080 hoc
2263 1012 2470 1079 solum
2519 1017 2716 1080 restat
2760 1017 2838 1080 ut

447 1117 741 1184 codicum
810 1125 1086 1188 stemma
1143 1143 1488 1209 proponam
1510 1170 1525 1198 ,
1591 1143 1715 1207 quo
1764 1121 2018 1188 facilius
2063 1121 2373 1206 cuiusque
2413 1120 2648 1187 codicis
2691 1141 2836 1187 auo-

446 1227 673 1290 toritas
718 1245 849 1291 uno
895 1235 1154 1313 aspectu
1201 1235 1634 1316 cognoscatur.
1703 1227 1826 1295 Est
1870 1235 2086 1295 autem
2134 1226 2354 1293 hocce:

728 1329 1165 1400 Mediceus
1216 1345 1267 1400 A

833 1427 1093 1565 Vatic'auus
1126 1519 1174 1564 A
2015 1345 2108 1648 >
2176 1476 2504 1544 Parianus
2550 1486 2593 1541 B

969 1584 982 1667 Ι
1504 1581 1836 1651 Mediceus
1881 1596 1926 1650 Β
2351 1568 2364 1651 Ι

844 1669 1092 1722 Parisinus
1124 1675 1171 1722 A
2239 1653 2592 1774 fflffim

791 1826 1159 1897 Venetus
1206 1841 1263 1896 A
2236 1789 2640 1906 3:33¹?sz

1274 1933 2435 2182 W!

1670 2193 2054 2265 Vesontinus

531 2301 671 2384 Quo
716 2307 1059 2370 stemmate
1109 2304 1579 2370 demonstratur
1618 2303 1697 2370 ad
1737 2309 2022 2388 textum,
2063 2326 2255 2394 quem
2297 2312 2560 2386 vocant,
2601 2305 2828 2374 Dionis

440 2409 959 2476 constituendum
1024 2410 1410 2476 adhibendos
1456 2431 1589 2476 esse
1635 2409 1801 2475 solos
1847 2409 2209 2476 Mediceum
2261 2423 2314 2478 A
2363 2413 2572 2496 (cuius
2617 2419 2828 2498 partes

438 2522 642 2603 agunt
699 2515 1046 2583 Vaticanus
1106 2527 1162 2582 A
1228 2521 1291 2583 et
1356 2515 1685 2583 Parisinus
1732 2526 1776 2579 B
1824 2515 1991 2580 libro
2041 2513 2162 2601 36,
2215 2515 2434 2583 3—19
2485 2517 2573 2605 (p,
2623 2515 2822 2605 343),

437 2618 782 2689 Vaticanus
844 2634 903 2687 A
969 2644 1136 2688 unus
1198 2624 1266 2687 in
1322 2622 1507 2687 libris
1554 2620 1846 2707 50—54)
1898 2627 1964 2687 et
2010 2610 2336 2687 Venetum.
2366 2633 2423 2688 A
2475 2625 2612 2708 (qui
2659 2624 2824 2691 libro

439 2724 565 2804 60,
622 2725 733 2807 1¹7,-
780 2728 1039 2807 7-20,
1090 2728 1133 2793 4
1180 2734 1246 2795 et
1294 2726 1419 2807 22,
1464 2725 1724 2806 3-26,
1761 2730 1804 2791 2
1851 2748 1890 2793 a
1934 2726 2226 2793 Mediceo
2273 2738 2316 2793 B
2369 2729 2473 2815 (cf.
2514 2750 2576 2815 p.
2619 2729 2820 2814 341),

435 2838 503 2898 et
546 2831 809 2901 fortasse
847 2837 1043 2901 etiam
1086 2833 1253 2901 libro
1300 2834 1387 2900 44
1406 2884 1425 2919 ,
1476 2831 1745 2899 13—34
1791 2854 1828 2900 a
1867 2832 2211 2900 Vesontino
2245 2834 2640 2923 suppletur),
2677 2836 2824 2904 reli-

436 2958 595 3025 quos
642 2940 887 3007 codices
932 2961 1151 3007 omnes
1198 2960 1453 3026 prorsus
1499 2939 1667 3006 nihil
1710 2938 1942 3007 valere.
2899 2954 2904 2960 ·

526 3044 704 3123 Quae
762 3048 820 3113 si
882 3048 1098 3114 omnia
1158 3048 1317 3113 viris
1381 3043 1585 3112 doctis
1604 3092 1623 3124 ‚
1669 3066 1862 3130 penes
1907 3064 2064 3130 quos
2108 3044 2228 3111 hac
2275 3043 2354 3111 de
2397 3067 2464 3112 re
2511 3046 2822 3114 iudicium

435 3155 535 3217 est
553 3198 571 3231 ‚
614 3152 965 3239 probavero
980 3201 999 3239 ,
1047 3152 1275 3220 horum
1326 3150 1685 3217 studiorum
1706 3198 1725 3229 ,
1775 3170 1925 3216 cum
1971 3150 2182 3217 taedio
2221 3151 2601 3239 fastidioque
2637 3174 2824 3241 saepe

434 3262 919 3325 coniunctorum
945 3309 963 3344 ,
1011 3280 1173 3346 quae
1212 3280 1430 3327 vercor
1463 3280 1543 3325 ne
1581 3260 1683 3324 cui
1725 3278 2134 3325 numerorum
2178 3264 2605 3345 computatori
2627 3282 2822 3348 quam

434 3364 765 3452 philologo
812 3366 1063 3432 homini
1109 3365 1405 3454 digniora
1449 3366 1791 3432 videantur
1801 3386 1826 3449 ·,
1873 3385 1999 3431 non
2046 3384 2153 3430 me
2196 3368 2566 3451 paenitebit.

503 3572 553 3630 1)
596 3570 740 3645 Liber
787 3571 1001 3621 Venetus
1045 3575 1090 3619 A
1140 3570 1282 3621 hodie
1314 3570 1487 3637 incipit
1520 3587 1550 3622 a
1582 3572 1738 3637 capite
1773 3572 1835 3620 85
1871 3570 1984 3621 libri
2016 3572 2108 3631 44;
2145 3571 2228 3621 sed
2260 3587 2356 3637 quo
2387 3574 2602 3640 tempore
2637 3573 2822 3625 Veson-

431 3652 566 3703 tinus
618 3652 885 3719 descriptus
935 3656 1025 3713 est,
1076 3652 1219 3704 initio
1273 3668 1368 3703 uno
1420 3654 1738 3718 quaternione
1787 3653 1972 3704 auctior
2021 3656 2127 3703 crat
2175 3652 2256 3717 (cl.
2305 3669 2352 3719 p.
2389 3654 2528 3719 334).
2575 3655 2823 3706 lectiones

430 3735 583 3801 igitur
634 3734 887 3785 Vesontini
931 3734 1105 3785 codicis
1152 3735 1347 3785 exordio
1391 3735 1505 3785 libri
1536 3737 1629 3796 44,
1664 3735 1777 3785 inde
1810 3750 1840 3785 a
1870 3750 1972 3801 cap.
2007 3736 2108 3785 tore
2143 3736 2206 3783 18
2222 3773 2238 3795 ‚
2271 3735 2472 3785 tortam
2503 3736 2820 3801 neglegenda

430 3832 527 3867 non
570 3820 697 3868 sunt.
751 3817 850 3884 Qui
898 3817 1215 3867 Vesontinum
1259 3817 1469 3867 codicem
1511 3816 1661 3867 oculis
1706 3816 1964 3881 aliquando
2003 3816 2395 3883 perlustraverit,
2443 3815 2638 3868 ubinam
2675 3816 2729 3867 in
2761 3832 2818 3868 eo

430 3901 641 3951 Venetus
674 3905 719 3949 A
756 3898 957 3949 describi
991 3902 1186 3965 coeptus
1218 3898 1283 3949 sit
1318 3900 1429 3949 data
1462 3914 1624 3965 opera*
1640 3898 1780 3948 facile
1813 3900 2052 3961 agnoscet.

496 3983 549 4045 2)
596 3982 881 4032 Vaticanum
926 3988 960 4030 B
1006 3996 1065 4031 οι
1099 3982 1293 4031 Veneto
1327 3987 1362 4030 B
1396 3980 1686 4047 descriptum
1721 3996 1847 4041 csse,
1881 3996 1990 4030 cnm
2023 3982 2283 4045 utrumque
2315 3978 2495 4031 librum
2526 3980 2820 4033 vamvon‘m

427 4064 553 4131 ipso,
604 4062 744 4113 facile
794 4063 983 4128 agnovi.
1035 4064 1108 4112 De
1140 4062 1313 4113 ceteris
1343 4078 1458 4114 vcro
1492 4061 1756 4122 codicibus,
1791 4078 1901 4112 curn
1935 4064 2043 4112 uter
2077 4077 2136 4111 οι
2168 4066 2282 4112 utro
2313 4062 2506 4114 fluxerit
2539 4062 2665 4114 nihil
2697 4065 2820 4116 rdo-

428 4138 535 4204 rat',
571 4144 774 4195 ulterius
808 4160 903 4195 non
938 4144 1191 4211 inquisivi;
1226 4146 1325 4196 iam
1357 4146 1487 4195 enim
1518 4143 1740 4195 taedebat
1773 4144 1825 4194 in
1859 4142 2036 4194 talibus
2067 4142 2248 4195 boum
2277 4148 2468 4211 tempus
2500 4147 2714 4213 perdere.

518 4320 935 4389 Roterodami
954 4370 972 4403 ‚
1018 4342 1237 4390 mense
1281 4322 1583 4391 Ianuario
1632 4320 1829 4387 1885.
