3436 5161
583 354 669 425 '72
1567 376 1963 428 unnonomus.

581 544 974 621 detraxerat,
1021 563 1144 609 non
1194 544 1490 609 κατέκαιε
1527 545 1632 611 sed
1673 544 2080 625 συμφορήσας
2117 545 2176 618 ἐς
2226 546 2471 622 ὄρυγμα
2519 544 2959 617 κατεκλήιε

583 650 1679 735 (ΚΛΤΕΚΑΙΕ-ΚΑΤΕΚΛΗΙΕ).
1730 651 1871 715 Hoc
1906 654 2117 738 magis
2158 650 2415 715 decebat
2449 650 2775 715 hominem
2817 671 2959 717 ava-

579 778 758 833 rum,
825 759 936 841 qui
983 762 1135 821 tunc-
1181 757 1301 822 hoc
1353 758 1584 844 agebat
1633 763 1707 822 ut
1755 758 2285 838 παρακαταθήκην
2333 758 2587 834 ξεινικῆν
2632 758 2965 842 intercipe·

581 868 696 928 ret.
767 863 908 928 Nisi
957 861 1301 928 ridiculum
1339 867 1531 941 foret,
1575 862 1929 929 calumnias
1968 863 2115 928 illas
2158 863 2635 929 Corinthiorum
2664 862 2744 927 ad
2766 860 2963 927 histo·

579 972 778 1035 ricem
828 972 1164 1035 veritatem
1213 972 1504 1055 exigere,
1555 970 1853 1035 adderem
1896 990 2011 1034 nos
2059 990 2238 1036 nosse
2284 972 2483 1035 etiam
2530 968 2684 1053 quid
2732 967 2961 1035 deinde

580 1076 823 1141 fectum
866 1078 970 1141 sit.
1021 1074 1252 1141 Narrat
1281 1075 1570 1161 Ephorus
1611 1078 1780 1161 apud
1820 1076 2170 1162 Diogenem
2214 1076 2539 1141 Laertium
2564 1124 2581 1158 ‚
2606 1077 2683 1143 ὦς
2712 1072 2961 1150 εὔξαιτο

581 1184 632 1248 εἰ
697 1184 987 1257 νικήσειεν
1051 1181 1388 1259 Ὀλύμπια
1452 1182 1798 1260 τεθρίππῳ,
1869 1187 2135 1262 χρυσοῦν
2205 1180 2535 1259 ἀνδριάντα
2607 1183 2961 1246 ἀναθεῖναι·

581 1289 829 1365 νικήσας
882 1290 943 1355 δὲ
993 1290 1098 1353 καὶ
1148 1292 1384 1369 ἀπορῶν
1419 1290 1712 1374 χρυσίου,
1761 1286 1931 1353 κατα
1974 1312 2111 1353 τινα
2157 1289 2359 1368 ἑορτὴν
2394 1288 2710 1367 ἐπιχώριον
2749 1311 2965 1353 κεκοσ-

581 1395 864 1472 μημένας
933 1395 1066 1461 ἰδὼν
1128 1396 1245 1465 τὰς
1312 1404 1653 1474 γυναῖκας,
1730 1395 1945 1460 πάντα
2015 1394 2317 1475 ἀφείλετο
2388 1395 2490 1459 τὸν
2560 1394 2785 1470 κόσμον
2858 1394 2963 1458 καὶ

581 1502 830 1581 ἔπεμψε
877 1504 947 1567 τὸ
997 1500 1306 1577 ἀνάθημα.
1387 1500 1542 1567 Vide
1589 1507 1912 1585 praeterea
1959 1501 2110 1586 quid
2160 1500 2484 1587 Didymus
2526 1499 2603 1565 de
2643 1520 2715 1565 ea
2755 1504 2967 1565 statua

581 1609 791 1674 tradat
856 1608 1025 1693 apud
1072 1606 1378 1673 Photium
1428 1609 1496 1672 in
1545 1629 1604 1672 v.
1662 1607 2016 1685 Κυψελιδῶν
2063 1606 2378 1681 aindoma.
2449 1605 2679 1671 Voluit
2724 1605 2966 1671 scilicet

581 1724 692 1791 τῆς
758 1722 992 1796 τρυφῆς
1051 1714 1154 1778 καὶ
1205 1720 1312 1779 τοῦ
1364 1712 1610 1795 θράσους
1664 1714 1948 1793 ἐπισχεῖν
1996 1712 2135 1786 τοὺς
2186 1713 2550 1793 Κορινθίους,
2598 1711 2699 1777 illi
2746 1716 2965 1779 autem

581 1821 1016 1889 maledicendo
1065 1827 1128 1886 et
1179 1819 1544 1887 mentiendo
1593 1840 1849 1885 omnem
1901 1817 2163 1885 modum
2214 1822 2633 1885 excesserunt.

672 2062 755 2130 V.
807 2060 967 2129 103:
1016 2064 1068 2129 οἱ
1117 2061 1420 2138 Ἀθηναῖοι
1472 2059 1884 2133 ἀπολιπόντες
1923 2061 2062 2133 τοὺς
2098 2063 2318 2127 Ἴωνας
2354 2062 2461 2127 οὐκ
2502 2060 2755 2143 ἔφασαν
2779 2085 2967 2139 τιμω-

581 2171 780 2253 ρήσειν
830 2176 994 2251 σφι.
1069 2168 1278 2257 Lege:
1329 2168 1689 2248 τιμωρήσειν
1738 2166 1861 2233 ἔτι
1910 2177 1974 2233 et
2020 2170 2102 2233 cf.
2152 2168 2489 2234 Steinium.

672 2415 791 2484 VI.
857 2416 942 2481 10
961 2437 976 2481 2
1039 2416 1305 2481 ἑωυτοῖσι
1366 2411 1599 2479 ἐδόκεον
1655 2409 1921 2491 μούνοισι
1985 2415 2194 2477 ταῦτα
2243 2386 2382 2484 τοὺς
2432 2411 2669 2494 Πέρσας
2720 2413 2751 2477 ἐ
2767 2410 2807 2491 ξ
2823 2436 2865 2479 α
2882 2437 2964 2494 γ-

580 2523 728 2603 γέλ
753 2523 1062 2589 λεσθαι.
1150 2520 1406 2608 Repone
1471 2519 2200 2600 ἐπαγγέλλεσθαι,
2264 2520 2432 2604 quod
2493 2524 2661 2587 recte
2721 2519 2965 2610 legitur

578 2633 898 2718 superiore
946 2629 1170 2716 capite.

667 2880 763 2945 De
809 2877 971 2946 vitio
1019 2880 1266 2943 constat
1309 2877 1378 2940 in
1425 2873 1749 2960 Apollinis
1797 2872 2050 2939 oraculo
2098 2872 2194 2939 VI
2246 2872 2366 2938 19:

849 2985 951 3049 καὶ
1005 2981 1148 3047 τότε
1195 2982 1300 3060 δή,
1351 2983 1596 3055 Μίλητε
1649 2985 1851 3044 κακῶν
1900 2979 2255 3062 ἐπιμήχανε
2307 2977 2495 3060 ἔργων

849 3095 1284 3156 πολλοῖσιν
1333 3086 1570 3153 δεῖπνόν
1618 3111 1688 3150 τε
1737 3085 1841 3151 καὶ
1892 3085 2121 3163 ἀγλαοὶ
2171 3085 2328 3166 δῶρα
2375 3087 2623 3168 γενήσῃ.

576 3197 704 3263 Hic
753 3197 983 3262 merito
1030 3194 1328 3261 omnibus
1377 3191 1705 3279 displicuit
1752 3199 2099 3269 πολλοῖσιν,
2147 3193 2254 3258 sed
2295 3193 2449 3277 quid
2488 3193 2959 3260 rescribendum

577 3299 713 3370 est?
783 3301 1141 3366 Vulturum
1192 3299 1294 3366 vel
1343 3320 1574 3365 canum
1622 3300 2012 3364 mentionem
2056 3298 2291 3363 factam
2336 3299 2526 3364 fuisse
2567 3301 2803 3364 dixeris
2843 3303 2965 3365 ita·

577 3429 698 3494 que
760 3407 1223 3474 Herwerdenus
1286 3405 1496 3484 ὄρνισιν
1561 3407 1869 3490 correxit3
1932 3409 2224 3490 potuerat
2285 3405 2484 3470 etiem
2546 3407 2766 3478 οἰωνοῖς
2812 3407 2964 3472 sori-

578 3518 760 3601 bere3
827 3515 1064 3580 diceres
1122 3515 1291 3579 enim
1359 3517 1613 3599 poetam
1674 3514 1742 3575 in
1789 3509 1989 3576 Iliade
2037 3511 2269 3596 legisse
2315 3513 2568 3578 οἰωνοῖσί
2612 3537 2681 3578 τε
2731 3514 2921 3578 δαῖτα
2946 3558 2963 3591 ,

576 3644 768 3709 quam
818 3623 1198 3707 scripturam
1248 3619 1580 3685 Nauckius
1626 3624 1864 3682 tuetur.
1938 3615 2063 3681 Sed
2110 3620 2395 3702 primum
2435 3619 2767 3684 literarum
2808 3622 2961 3686 duc·

577 3736 680 3794 tus
741 3728 913 3794 haud
977 3728 1131 3793 satis
1197 3724 1572 3811 respondent
1589 3745 1604 3802 ;
1672 3723 1901 3789 deinde
1959 3722 2175 3789 navali
2238 3723 2475 3810 proelio
2544 3726 2729 3792 Iones
2806 3729 2962 3794 victi

574 3835 866 3912 fuerunt,
935 3853 1124 3919 quam
1195 3831 1273 3896 ob
1337 3851 1471 3894 rem
1535 3831 1731 3894 etiam
1794 3832 1995 3913 pisces
2056 3831 2371 3896 nominari
2433 3837 2806 3917 potuerunt,
2880 3831 2959 3899 cf.

573 3938 755 4005 mad.
823 3947 872 4003 Φ
943 3935 1092 4003 126.
1178 3937 1395 4002 Pisces
1455 3939 1670 4000 autem
1736 3935 1903 3999 ε’λλοΙ
1962 3935 2282 4000 interdum
2354 3936 2679 4015 dicuntur,
2756 3937 2963 4004 veluti

575 4045 770 4132 Soph.
817 4046 926 4110 Ai.
982 4041 1182 4111 1297:
1238 4044 1468 4124 ἐφῆκεν
1517 4041 1716 4112 ἑλλοῖς
1763 4041 2007 4123 ἰχθύσιν
2057 4041 2407 4123 διαφθοράν.
2472 4041 2641 4123 Quid
2686 4046 2743 4109 si
2782 4043 2963 4110 resti-

577 4151 886 4219 tuendum
933 4155 1031 4217 est
1081 4151 1442 4214 ἑλλοῖσιν
1489 4145 1767 4213 &arnovi

667 4379 788 4446 VI.
836 4377 963 4445 23:
1015 4379 1251 4453 Σκύθην
1302 4378 1329 4443 ὃ
1381 4381 1794 4456 Ἱπποκράτης
1843 4377 2226 4452 πεδήσας.
2303 4379 2504 4466 Lege:
2554 4381 2629 4444 ἐν
2673 4379 2959 4462 πέδῃσι

578 4488 718 4565 δήσ
739 4512 782 4553 α
804 4512 854 4560 ς.
927 4486 1068 4554 Hoc
1114 4495 1282 4554 certe
1326 4487 1674 4552 obtinuisse
1724 4485 1889 4551 mihi
1938 4487 2157 4552 videor
2206 4487 2429 4553 Mnem.
2480 4485 2571 4552 111
2620 4485 2771 4552 488.

3389 5077 3391 5117 -
3354 4955 3391 5016 3.
