3436 5161
1487 346 1730 396 010000.
2666 327 2797 394 29].

414 514 730 578 adsectatae
769 511 858 575 24
897 512 1173 576 adsidere
1217 510 1296 576 1¹7
1317 559 1333 588 ,
1371 533 1596 598 parum
1641 517 2017 584 constanter,
2064 513 2175 576 sed
2218 511 2565 578 secundum
2593 512 2807 579 Rievii

415 618 842 684 collationem.
893 616 1228 684 Postrema
1274 617 1562 695 collatiO,
1614 619 1769 682 dum
1822 621 1931 682 vix
1959 618 2307 702 quidquam
2360 619 2438 684 de
2480 619 2806 707 orthogra-

416 725 567 810 phia
612 725 838 801 refert,
887 722 1264 790 Rievianam
1316 723 1667 789 confirmat.
1742 723 2099 790 Dolendum
2152 745 2297 790 sane
2344 733 2473 808 est,
2514 724 2803 790 Mavium

414 851 540 895 000
577 828 908 908 retulisse,
949 850 1142 914 quam
1187 830 1530 896 editionem
1570 833 1639 894 in
1677 830 2051 895 conferendo
2090 829 2493 907 adhibuerit,
2534 831 2639 896 sed
2666 850 2809 914 pro-

419 935 628 1002 babile
653 943 763 1001 est
813 957 889 1001 ex
937 937 1394 1002 recentioribus
1442 958 1633 1000 unam
1659 986 1676 1020 ‚
1724 934 2012 1011 Halmii,
2063 935 2337 1023 Kayseri
2386 942 2498 1001 aut
2544 935 2811 1001 Mulleri

416 1042 645 1119 fuisse,
693 1033 876 1126 'quae
939 1063 1086 1107 cum
1155 1063 1376 1107 omnes
1423 1046 1710 1108 nitantur
1757 1040 1973 1106 Rievii
2020 1039 2143 1106 fide
2186 1048 2251 1107 et
2290 1040 2661 1128 diligentia,
2701 1061 2810 1106 no-

417 1149 722 1212 vissimus
763 1147 1060 1224 collator,
1106 1148 1258 1212 dum
1311 1169 1506 1233 paene
1552 1147 1717 1213 nihil
1766 1148 1843 1212 de
1890 1147 2343 1234 orthographia
2388 1154 2600 1231 notat,
2650 1151 2810 1214 taei-

421 1259 528 1320 tus
574 1253 754 1320 illam
810 1251 1158 1319 confirmat.
1238 1253 1548 1319 Dissentit
1595 1260 1846 1319 tantum
1892 1253 1940 1317 Ι.
1988 1254 2044 1316 l.
2088 1251 2179 1317 R:
2234 1270 2455 1330 „Quum
2490 1254 2580 1318 sic
2617 1253 2811 1318 habet

423 1361 615 1426 codex
665 1360 784 1425 hoc
819 1359 959 1426 loco
1008 1365 1074 1425 et
1099 1408 1157 1424 ..
1191 1359 1246 1423 .²'
1317 1360 1449 1425 M.:
1498 1377 1630 1425 000
1668 1376 1953 1425 cossam
1993 1356 2078 1435 03
2125 1357 2185 1424 3.
2228 1357 2322 1422 R:
2363 1343 2807 1424 mrnaiosaisr

423 1503 534 1569 M:
577 1479 1054 1589 mmmm-&ism
1105 1502 1146 1567 6
1207 1501 1302 1568 R:
1367 1461 1607 1582 „mah
1653 1503 1909 1589 fugerat
1956 1502 2155 1632 laltera
2199 1521 2223 1566 1
2268 1501 2429 1567 Maii
2477 1503 2807 1568 oculorum

421 1649 622 1713 aciem
651 1695 668 1710 .
693 1696 707 1711 .
741 1695 758 1712 .
787 1647 872 1726 .”‚
920 1648 1016 1713 M.
1066 1666 1226 1712 mm
1273 1644 1364 1725 03
1413 1646 1455 1712 8
1504 1646 1600 1712 R:
1653 1664 1985 1725 „CONSILIO
2028 1648 2088 1711 d.
2116 1646 2315 1712 altera
2356 1645 2461 1725 o'’,
2498 1646 2591 1711 Μ.
2624 1663 2815 1724 „con-

567 1743 583 1775 1

421 1808 588 1856 suno
634 1794 684 1877 (1
730 1789 949 1858 littera
993 1794 1104 1856 vix
1155 1794 1326 1857 cerni
1377 1793 1608 1876 potest)
1623 1788 1717 1868 ?'';
1774 1790 1853 1855 11
1898 1791 2131 1855 *iidem
2174 1788 2532 1855 Orellianae
2566 1793 2811 1875 primae

421 1898 656 1960 tacitus
701 1895 1034 1963 confirmat
1080 1896 1158 1962 R.
1182 1947 1200 1980 ,
1248 1897 1498 1961 dubitat
1537 1895 1877 1973 Halmius;
1922 1915 2107 1961 nmm
2142 1918 2311 1962 nunc
2352 1896 2583 1962 diserte
2622 1903 2811 1961 testa-

420 2009 529 2065 tur
575 2015 822 2068 exstare
872 2002 966 2067 M.
1039 1999 1274 2068 Contra
1323 2005 1546 2089 ingens
1591 2023 1898 2066 numerus
1944 2011 2041 2066 est
2082 2001 2363 2068 locorum
2404 2023 2518 2086 pro
2560 2002 2811 2068 modico

423 2107 780 2174 collationis
821 2109 1110 2193 ambitu,
1151 2110 1263 2173 ubi
1303 2108 1396 2174 M.
1444 2111 1677 2173 tacitus
1716 2107 1793 2173 R.
1840 2107 2191 2173 confirmat.
2240 2108 2451 2174 Facile
2490 2111 2556 2172 in
2602 2111 2809 2173 minu·

423 2216 534 2278 tiis
596 2213 728 2279 illia
793 2214 1036 2299 aliquid
1094 2216 1312 2279 omitti
1358 2221 1567 2299 potest
1591 2213 1678 2300 ¹),
1728 2235 1843 2279 nec
1894 2217 2133 2278 mirum
2184 2220 2348 2279 esset
2396 2216 2451 2279 si
2497 2214 2807 2299 quaedam

339 2382 345 2388 .
425 2323 714 2385 animum
775 2327 889 2384 aut
950 2323 1149 2385 aciem
1215 2320 1564 2406 fugissent,
1631 2320 1739 2384 aed
1802 2320 1999 2384 dubia
2060 2320 2137 2384 de
2196 2318 2533 2385 collatione
2596 2319 2810 2385 Rievii

423 2448 548 2493 non
616 2434 766 2491 sunt
824 2425 1096 2491 firmata.
1169 2425 1336 2491 Nam
1400 2425 1566 2511 quod
1629 2425 1893 2490 Pfaffius
1930 2423 2317 2490 Schedarum
2360 2424 2809 2490 Vaticanarum

423 2535 725 2620 paginam
771 2531 853 2600 17
903 2531 1082 2599 affert
1127 2531 1218 2617 (p.
1267 2530 1372 2618 2),
1423 2533 1604 2616 quasi
1655 2529 1936 2616 aliquam
1986 2529 2427 2618 neglegentiae
2466 2531 2806 2597 confessio-

424 2660 570 2705 nem
615 2642 932 2704 contineat
955 2686 972 2717 ,
1009 2658 1136 2704 non
1181 2646 1350 2703 recte
1398 2636 1612 2702 Rievii
1663 2638 1855 2702 verba
1900 2635 2256 2713 intellexit,
2300 2639 2411 2721 qui
2451 2658 2573 2702 000
2618 2638 2808 2713 dicit,

425 2766 493 2811 se
555 2765 655 2811 res
710 2744 1230 2831 orthographicas
1284 2744 1578 2809 omisisse
1637 2741 1747 2807 sed
1804 2764 1871 2807 se
1917 2762 2021 2807 eas
2074 2744 2179 2818 „in
2230 2741 2479 2807 tabulas
2536 2740 2809 2808 referre'’

425 2850 596 2917 nolle
616 2900 633 2935 ,
697 2855 882 2916 cuius
945 2852 1036 2915 rei
1109 2852 1194 2915 ait
1255 2851 1599 2933 unicuique
1647 2850 1905 2933 (nempe
1948 2853 2093 2933 poet
2137 2848 2338 2932 ipsius
2382 2847 2814 2934 collationem)

425 2958 901 3043 opportunitas:
953 2958 1262 3022 rationem
1314 2957 1475 3019 inire
1521 2959 1731 3039 potest
1777 2974 1943 3017 nunc
1992 2973 2157 3018 unus
2206 2956 2492 3038 quisque.

519 3060 642 3127 His
689 3063 1055 3148 praemissis
1101 3082 1298 3149 pergo
1346 3060 1425 3127 ad
1475 3059 1713 3125 librum
1767 3060 2112 3125 secundum
2164 3066 2228 3123 et
2272 3066 2604 3145 sequentes
2650 3066 2813 3145 tres,

427 3190 698 3255 quorum
747 3171 1018 3257 exiguae
1064 3176 1315 3233 tantum
1365 3166 1717 3252 particulae
1764 3169 1832 3230 in
1884 3165 2187 3231 Vaticano
2234 3172 2594 3250 supersunt.

519 3382 583 3450 5.
651 3382 868 3449 Iustus
929 3382 1082 3448 ordo
1147 3384 1485 3447 verborum
1537 3381 1644 3445 hic
1690 3388 1821 3445 est:
1880 3379 2086 3464 „quod
2133 3385 2339 3444 essent
2386 3378 2572 3443 urbes
2622 3380 2811 3443 mari-

427 3493 628 3555 timae
691 3510 814 3555 000
879 3488 1089 3553 solum
1137 3486 1366 3553 multis
1415 3488 1739 3572 oppositae
1788 3484 2122 3570 periculis,
2173 3483 2282 3549 sed
2328 3484 2525 3549 etiam
2573 3482 2812 3549 caecis’'

427 3615 554 3661 000
601 3598 711 3680 qui
760 3594 1034 3659 traditus
1080 3600 1208 3659 est:
1259 3592 1527 3669 „multis
1573 3590 1874 3677 periculis
1920 3589 2311 3675 oppositae”.

521 3806 582 3874 7.
659 3805 918 3885 „Multa
963 3806 1156 3870 etiam
1206 3804 1285 3870 ad
1330 3803 1653 3869 luxuriam
1707 3804 2132 3868 invitamenta
2181 3802 2532 3891 perniciosa
2581 3802 2812 3866 civita-

427 3915 602 3978 tibus
649 3910 1136 3997 subpeditantur
1182 3912 1384 3985 mari,
1433 3929 1594 3994 quae
1641 3906 1746 3973 vel
1797 3912 2117 3990 capiuntur
2164 3906 2265 3972 vel
2318 3906 2811 3991 importantur”.

519 4016 742 4083 Sermo
805 4022 902 4083 est
963 4016 1041 4082 de
1099 4016 1470 4082 civitatibus
1517 4016 1935 4080 mercator-iis,
2005 4012 2148 4079 Hae
2190 4032 2313 4078 non
2364 4015 2433 4076 vi
2479 4011 2812 4090 auferunt,

497 4227 552 4291 1)
607 4226 896 4277 Huiusmodi
943 4228 1057 4276 sunt
1086 4226 1228 4284 haec,
1263 4241 1384 4290 quae
1417 4226 1519 4275 sola
1553 4229 1664 4291 post
1693 4240 1842 4291 supra
1874 4224 2051 4290 scripta
2084 4224 2274 4275 inveni:
2316 4226 2345 4287 §
2380 4224 2443 4274 12
2478 4224 2715 4283 civitatis,
2754 4224 2819 4273 18

425 4310 808 4369 adulescentulo,
857 4310 922 4358 18
967 4310 1162 4373 sumptis
1197 4308 1296 4372 (Μ.
1331 4308 1554 4373 sumtis),
1589 4307 1767 4357 assedit
1799 4308 1859 4356 de
1892 4306 2063 4371 quibus
2094 4310 2224 4357 tacet
2258 4306 2317 4357 R.
2353 4306 2488 4356 cuins
2521 4305 2819 4371 diligentiam

426 4392 558 4441 vides
599 4394 954 4451 confirmatam3
999 4392 1157 4441 8010ιο
1207 4391 1294 4439 hoc
1337 4395 1408 4440 est
1443 4391 1646 4440 alicuius
1679 4390 1909 4439 momenti
1944 4390 2069 4453 quod
2108 4390 2181 4439 M.
2221 4390 2251 4453 ξ
2288 4389 2352 4437 13
2388 4388 2599 4438 discendi
2632 4403 2819 4437 correc-

425 4476 534 4523 tun
567 4488 668 4523 ense
699 4474 862 4523 refert.
