3436 5161
1272 369 1547 420 navius
1590 365 1924 420 somnus.
2651 351 2780 418 861

404 533 485 601 In
549 535 1029 622 Antiquitatum
1088 535 1275 604 libris
1330 557 1457 603 non
1520 538 1786 603 memini
1847 557 1956 602 me
2013 517 2206 606 usum
2262 555 2412 602 eum
2459 537 2788 604 observare

406 647 554 708 aute
602 640 661 706 6.
712 644 775 706 4.
826 641 907 721 3;
959 643 1183 710 deinde
1221 645 1473 709 enotavi
1510 644 1786 710 sedecim
1827 641 2034 727 locos,
2075 642 2183 708 sed
2223 649 2320 708 est
2359 650 2527 708 certe
2550 649 2786 728 postre-

406 767 557 816 mus
607 747 711 813 12.
766 749 825 816 7.
874 747 953 828 ¹7,
1002 750 1226 816 deinde
1272 771 1385 836 per
1428 757 1572 816 octo
1617 749 1816 816 libros
1853 749 2016 815 illud
2056 746 2226 824 οἶμαι
2265 771 2577 836 nusquam
2617 770 2790 816 com·

406 860 603 941 paret.
671 855 921 922 Addam
968 856 1127 923 duos
1170 856 1341 923 locos
1386 863 1732 942 corruptos.
1795 855 2200 922 Vociferatur
2257 854 2522 924 Goliath
2567 859 2785 944 Antiq.

410 959 471 1025 6.
524 960 590 1026 9.
638 962 715 1027 1:
776 963 939 1029 πολὺ
1000 961 1063 1028 δὲ
1118 971 1386 1039 κρεῖττον
1448 958 1665 1028 εἶναι
1725 963 1830 1028 καὶ
1891 963 2327 1042 σωφρονέςερον
2373 963 2497 1035 ἑνὸς
2544 963 2788 1046 κινδύνῳ

408 1065 637 1144 λαβεῖν
684 1063 712 1132 ὃ
759 1067 1061 1144 βούλεσθε
1108 1069 1143 1145 ἦ
1192 1068 1467 1147 πάντων,
1519 1069 1627 1135 sed
1675 1073 1956 1154 praestat
1995 1063 2226 1146 οἶμαι
2264 1071 2609 1156 corrigere,
2637 1089 2785 1135 nam

409 1171 649 1240 directa
706 1178 909 1242 oratio
966 1179 1065 1242 est
1126 1194 1330 1261 neque
1389 1175 1583 1241 habet
1639 1173 2000 1241 infinitivus
2055 1169 2208 1240 εἶναι
2273 1175 2442 1240 unde
2497 1174 2787 1260 pendeat.

408 1276 649 1346 Itidem
700 1281 801 1346 15.
858 1281 963 1348 10.
1015 1281 1091 1349 5:
1153 1283 1303 1349 ἀλλ’
1352 1283 1417 1348 οὐ
1463 1280 1589 1363 γὰρ
1638 1277 1818 1348 οἶδά
1863 1305 1935 1346 σε
1980 1287 2244 1348 τοιοῦτον
2290 1281 2571 1367 ἔσεσθαι,
2618 1281 2788 1348 mul-

410 1389 553 1450 tum
605 1387 885 1472 praefero
930 1383 1004 1453 οί
1018 1412 1190 1466 μαι.
2256 1409 2265 1418 ”

500 1567 675 1637 Scio'
707 1572 965 1658 quidem
1024 1575 1095 1639 in
1152 1570 1193 1638 J
1196 1572 1413 1658 osephi
1476 1571 1655 1638 libris
1699 1567 1942 1637 multas
1987 1573 2192 1638 inesse
2238 1569 2754 1657 interpolationes
2771 1620 2789 1654 ‚

408 1675 517 1742 sed
572 1684 709 1743 tam
772 1682 1047 1745 enormis
1102 1685 1197 1746 est
1242 1679 1655 1764 Imperatoris
1700 1675 2052 1764 lotapateni
2097 1677 2482 1764 loquacitas,
2531 1687 2605 1744 ut
2651 1680 2790 1765 ple-

404 1804 677 1872 rumque
722 1785 981 1852 difficile
1026 1789 1112 1852 sit
1158 1787 1519 1865 ostendere,
1568 1785 1736 1873 quod
1782 1787 1982 1852 otiose
2027 1783 2319 1851 additum
2366 1789 2487 1864 sit,
2536 1807 2660 1852 non
2708 1787 2792 1866 ab

408 1909 481 1956 eo
545 1893 683 1978 ipso
744 1893 940 1958 fuisse
1000 1893 1313 1959 additum.
1387 1891 1552 1958 Sunt
1614 1901 1828 1958 tamen
1894 1891 2203 1978 quaedam
2267 1893 2461 1956 nimis
2525 1893 2788 1960 insulsa.

408 1993 633 2062 Veluti
694 1995 916 2085 Antiq.
962 1998 1024 2064 6.
1072 2000 1137 2063 4.
1190 1998 1251 2064 4.
1312 1998 1585 2085 populus
1646 1998 1728 2064 ab
1791 1995 2090 2063 Samuele
2142 2001 2543 2083 increpatur,
2588 2020 2790 2085 quum

406 2104 658 2192 ignoret
703 2106 780 2178 ὥς
828 2105 1311 2187 συμφορώτατον
1355 2104 1417 2172 ὃν
1465 2107 1575 2171 ὑπὸ
1625 2109 1733 2170 τοῦ
1783 2104 2028 2170 πάντων
2073 2105 2279 2184 cipi-rev
2329 2107 2788 2185 προςατεῒσθαι.

404 2208 648 2299 Relege
709 2218 920 2279 totum
981 2214 1195 2281 locum
1244 2219 1309 2280 et
1352 2215 1585 2280 senties
1633 2213 1782 2278 addi
1825 2232 1948 2278 non
1995 2214 2312 2298 potuisse,
2359 2213 2528 2298 quod
2573 2233 2791 2282 omnes

409 2317 489 2383 ad
537 2317 709 2386 huno
757 2339 956 2406 usque
1003 2321 1175 2387 diem
1216 2319 1538 2386 tulerunt:
1594 2321 1762 2391 θεὸς
1811 2318 1889 2383 δὲ
1934 2318 2258 2383 πάντων
2299 2315 2597 2400 ἄριςος.
2645 2319 2790 2386 Non

410 2425 629 2491 minus
688 2425 1034 2493 ridiculum
1095 2433 1193 2493 est
1256 2427 1478 2512 Antiq.
1529 2424 1590 2492 6.
1642 2423 1705 2490 9.
1756 2423 1836 2504 5,
1883 2423 1962 2490 de
2009 2423 2284 2490 Davide:
2338 2425 2600 2510 ἀπαντᾷ
2649 2425 2713 2490 δὲ
2761 2425 2790 2492 ὃ

410 2531 719 2606 νεανίσκος
765 2534 937 2611 μετὰ
984 2531 1333 2613 συμμάχου
1380 2533 1469 2610 μίι
1514 2531 1906 2611 βλεπομένου
1952 2532 2036 2613 τῷ
2083 2529 2378 2611 πολεμίῳ.
2448 2529 2630 2613 Quod
2673 2531 2788 2599 ud-

410 2637 621 2705 ditum
668 2645 766 2707 est
812 2641 983 2713 θεὸς
1029 2640 1083 2705 δ’
1131 2638 1214 2718 ἦν
1260 2635 1523 2719 οὗτος,
1573 2660 1733 2725 puer
1780 2639 2037 2725 scripsit
2079 2639 2150 2705 in
2195 2657 2535 2725 puerorum
2579 2658 2788 2706 usum.

499 2820 856 2910 Improprie
902 2824 1138 2891 dicitur
1181 2825 1400 2911 Antiq.
1451 2822 1513 2891 6.
1565 2822 1627 2889 6.
1679 2821 1756 2890 3:
1804 2806 2283 2904 ἀποθλίψας
2332 2845 2392 2889 τι
2440 2820 2636 2904 κηρίον
2681 2826 2789 2889 τοῦ

409 2927 661 3007 μέλιτος
711 2930 872 3006 ἤσθιε
893 2982 909 3008 ,
970 2953 1120 2999 nam
1167 2934 1361 2997 bibere
1404 2951 1739 3019 possumus
1783 2950 1909 2999 non
1953 2930 2272 3011 comedere,
2322 2930 2490 3018 quod
2537 2930 2791 2997 ἄπεθλί-

408 3040 649 3119 φαμεν.
710 3038 937 3105 Nonne
982 3059 1208 3108 verum
1253 3043 1351 3106 est
1395 3034 1924 3118 ἀποβλίσαςῖ

498 3220 704 3290 Miror
760 3244 953 3289 usum
1013 3223 1195 3292 verbi
1255 3221 1772 3302 ἐλλαμβανεσθαι
1838 3222 2052 3307 Antiq.
2115 3218 2178 3288 6.
2231 3217 2294 3288 7.
2344 3218 2422 3285 5:
2489 3220 2790 3301 ἐλλαμ-

408 3326 767 3407 βαίνεται
812 3340 925 3406 τῆς
973 3328 1282 3404 διπλοΐδος
1328 3336 1393 3397 et
1437 3332 1652 3415 Autiq.
1698 3326 1758 3397 ¹7.
1809 3328 1912 3394 14.
1961 3327 2038 3397 63
2089 3334 2204 3392 τῶν
2249 3331 2359 3393 τοῦ
2409 3328 2790 3412 θυσιαςηρίου

410 3436 681 3517 κεράτων
726 3436 1291 3516 ἐλλαβόμενος
1336 3444 1403 3503 et
1448 3439 1665 3523 Antiq.
1714 3434 1779 3503 9.
1830 3433 1892 3503 ¹7.
1943 3436 2021 3500 3:
2072 3434 2627 3513 ἐλλαβόμενοι
2675 3445 2787 3513 τῆς

408 3542 717 3616 Γοθολίας.
790 3543 960 3625 Quid
1017 3547 1374 3631 requiram,
1436 3543 1770 3610 ostendent
1815 3542 1942 3608 duo
1985 3540 2111 3608 loci
2158 3547 2516 3627 sequentes,
2567 3542 2790 3629 Antiq.

408 3646 469 3713 6.
526 3648 629 3714 12.
685 3650 759 3714 1:
820 3652 1009 3727 Φίλου
1068 3652 1195 3733 γὰρ
1250 3652 1437 3718 αὑτὸν
1484 3652 1754 3727 ποιήσειν
1797 3648 1970 3729 ἔργον
2017 3647 2436 3728 παρασχόντα
2485 3648 2588 3713 καὶ
2637 3647 2785 3730 πρὸς
2901 3648 2910 3657 ’

406 3757 477 3821 τὸ
532 3757 956 3835 προσκείμενον
1002 3754 1609 3836 συλλαμβανομένου
1655 3764 1722 3822 et
1767 3758 1982 3843 Antiq.
2036 3755 2143 3822 11.
2191 3755 2256 3823 4.
2305 3752 2385 3822 ¹7:
2447 3754 2787 3826 ἐπεστάτουν

405 3859 507 3929 οὖν
550 3868 669 3930 τῶν
713 3864 878 3946 ἱερῶν
922 3862 1110 3946 ἔργων
1157 3864 1750 3945 συλλαμβανόμενοι
1795 3870 1922 3937 τοῖς
1970 3860 2422 3943 πρεσβυτέροις.

496 4060 679 4129 Nihil
740 4064 937 4129 nimis
982 4062 1248 4131 fidenter
1292 4064 1703 4152 pronunciare
1752 4061 1950 4128 audeo
1969 4108 1987 4141 ‚
2047 4059 2158 4127 sed
2207 4060 2427 4145 Antiq.
2479 4058 2544 4125 6.
2591 4056 2658 4127 8.
2708 4060 2786 4127 1:

408 4167 753 4249 ὃπηρῶτησε
813 4170 915 4236 τὸν
977 4169 1131 4249 θεόν,
1194 4173 1338 4237 τίνα
1396 4169 1768 4249 αίρεῒται
1828 4166 2145 4247 βασιλέα,
2193 4186 2318 4231 uon
2363 4162 2638 4231 diffiteor
2681 4186 2788 4233 mo

406 4275 605 4343 malle
666 4276 1001 4359 αἱρῆται
1064 4279 1161 4343 uti
1216 4284 1282 4345 et
1343 4276 1635 4359 ποιήσῃ
1705 4277 1922 4361 Antiq.
1988 4272 2050 4338 6.
2101 4274 2165 4339 4.
2220 4272 2294 4350 1,
2358 4272 2468 4339 ubi
2537 4272 2786 4339 editura

409 4382 667 4464 δεομένῳ
728 4393 1031 4465 προειπεῖν
1086 4386 1225 4451 τίνα
1272 4386 1591 4462 ποιήσει
1638 4381 1943 4461 βασιλέα.
2015 4380 2176 4449 Vide
2219 4379 2410 4447 modo
2451 4380 2672 4467 Antiq.
2719 4376 2784 4445 8.

413 4490 517 4559 12.
567 4492 645 4557 5:
694 4491 939 4575 ἐζήτουν
986 4498 1112 4565 πῶς
1158 4493 1513 4569 ἀποςήσωσι
1560 4490 1663 4555 τὸν
1706 4488 1884 4555 λαόν.
2499 4520 2506 4531 -
