<?xml version="1.0" encoding="UTF-8"?>
<!DOCTYPE html PUBLIC "-//W3C//DTD XHTML 1.0 Transitional//EN"
    "http://www.w3.org/TR/xhtml1/DTD/xhtml1-transitional.dtd">
<html xmlns="http://www.w3.org/1999/xhtml" xml:lang="en" lang="en">
 <head>
  <title>
</title>
<meta http-equiv="Content-Type" content="text/html;charset=utf-8" />
  <meta name='ocr-system' content='tesseract 3.04.00' />
  <meta name='ocr-capabilities' content='ocr_page ocr_carea ocr_par ocr_line ocrx_word'/>
</head>
<body>
  <div class='ocr_page' id='page_1' title='image "./mnemosynevolume00verdgoog_0032.png"; bbox 0 0 3436 5161; ppageno 0'>
   <div class='ocr_carea' id='block_1_1' title="bbox 651 340 2037 406">
    <p class='ocr_par' dir='ltr' id='par_1_1' title="bbox 651 340 2037 406">
     <span class='ocr_line' id='line_1_1' title="bbox 651 340 2037 406; baseline -0.002 0"><span class='ocrx_word' id='word_1_1' title='bbox 651 340 740 406; x_wconf 83' lang='lat'><strong>24</strong></span> <span class='ocrx_word' id='word_1_2' title='bbox 1645 354 2037 405; x_wconf 74' lang='lat' dir='ltr'><strong>naonorus.</strong></span> 
     </span>
    </p>
   </div>
   <div class='ocr_carea' id='block_1_2' title="bbox 647 520 3035 1655">
    <p class='ocr_par' dir='ltr' id='par_1_2' title="bbox 647 520 3035 1655">
     <span class='ocr_line' id='line_1_2' title="bbox 647 520 3027 612; baseline 0 -21"><span class='ocrx_word' id='word_1_3' title='bbox 647 547 774 612; x_wconf 87' lang='lat' dir='ltr'><strong>qua</strong></span> <span class='ocrx_word' id='word_1_4' title='bbox 823 528 1207 593; x_wconf 79' lang='lat' dir='ltr'><strong>correctione</strong></span> <span class='ocrx_word' id='word_1_5' title='bbox 1250 522 1414 589; x_wconf 89' lang='lat' dir='ltr'><strong>nihil</strong></span> <span class='ocrx_word' id='word_1_6' title='bbox 1459 542 1608 589; x_wconf 89' lang='lat' dir='ltr'><strong>sane</strong></span> <span class='ocrx_word' id='word_1_7' title='bbox 1655 521 2073 587; x_wconf 73' lang='lat' dir='ltr'><strong>desiderarem</strong></span> <span class='ocrx_word' id='word_1_8' title='bbox 2096 570 2111 597; x_wconf 90' lang='lat'>,</span> <span class='ocrx_word' id='word_1_9' title='bbox 2162 523 2219 587; x_wconf 86' lang='lat' dir='ltr'><strong>si</strong></span> <span class='ocrx_word' id='word_1_10' title='bbox 2266 520 2451 608; x_wconf 83' lang='lat' dir='ltr'><strong>plane</strong></span> <span class='ocrx_word' id='word_1_11' title='bbox 2497 524 2786 589; x_wconf 83' lang='lat' dir='ltr'><strong>abessent</strong></span> <span class='ocrx_word' id='word_1_12' title='bbox 2833 526 3027 592; x_wconf 84' lang='lat' dir='ltr'><strong>verba</strong></span> 
     </span>
     <span class='ocr_line' id='line_1_3' title="bbox 649 624 3031 715; baseline -0.001 -16"><span class='ocrx_word' id='word_1_13' title='bbox 649 624 704 699; x_wconf 74' lang='grc' dir='ltr'><strong>οἳ</strong></span> <span class='ocrx_word' id='word_1_14' title='bbox 749 630 1269 708; x_wconf 67' lang='grc' dir='ltr'><strong><em>ἀποπεμφθέντες</em></strong></span> <span class='ocrx_word' id='word_1_15' title='bbox 1291 680 1308 707; x_wconf 84' lang='grc'><strong>,</strong></span> <span class='ocrx_word' id='word_1_16' title='bbox 1353 650 1620 715; x_wconf 86' lang='lat' dir='ltr'><strong>quorum</strong></span> <span class='ocrx_word' id='word_1_17' title='bbox 1669 629 1973 693; x_wconf 85' lang='lat' dir='ltr'><strong>correctio</strong></span> <span class='ocrx_word' id='word_1_18' title='bbox 2022 646 2123 693; x_wconf 90' lang='lat' dir='ltr'><strong>me</strong></span> <span class='ocrx_word' id='word_1_19' title='bbox 2166 628 2377 693; x_wconf 86' lang='lat' dir='ltr'><strong>iudice</strong></span> <span class='ocrx_word' id='word_1_20' title='bbox 2416 628 2585 695; x_wconf 87' lang='lat' dir='ltr'><strong>male</strong></span> <span class='ocrx_word' id='word_1_21' title='bbox 2624 634 2812 697; x_wconf 77' lang='lat' dir='ltr'><strong>cessit</strong></span> <span class='ocrx_word' id='word_1_22' title='bbox 2850 632 3031 697; x_wconf 84' lang='lat' dir='ltr'><strong>Mad-</strong></span> 
     </span>
     <span class='ocr_line' id='line_1_4' title="bbox 649 732 3031 827; baseline -0 -22"><span class='ocrx_word' id='word_1_23' title='bbox 649 740 852 827; x_wconf 79' lang='lat' dir='ltr'><strong>vigio.</strong></span> <span class='ocrx_word' id='word_1_24' title='bbox 921 738 1006 805; x_wconf 81' lang='lat' dir='ltr'><strong>Et</strong></span> <span class='ocrx_word' id='word_1_25' title='bbox 1051 739 1460 823; x_wconf 77' lang='lat' dir='ltr'><strong>participium</strong></span> <span class='ocrx_word' id='word_1_26' title='bbox 1509 735 1771 823; x_wconf 89' lang='lat' dir='ltr'><strong>quidem</strong></span> <span class='ocrx_word' id='word_1_27' title='bbox 1819 732 2058 799; x_wconf 84' lang='lat' dir='ltr'><strong>delevit</strong></span> <span class='ocrx_word' id='word_1_28' title='bbox 2104 754 2352 819; x_wconf 90' lang='lat' dir='ltr'><strong>quoque</strong></span> <span class='ocrx_word' id='word_1_29' title='bbox 2398 732 2680 801; x_wconf 83' lang='lat' dir='ltr'><strong>Steinius</strong></span> <span class='ocrx_word' id='word_1_30' title='bbox 2716 740 3031 805; x_wconf 90' lang='lat' dir='ltr'><strong>coniciens</strong></span> 
     </span>
     <span class='ocr_line' id='line_1_5' title="bbox 651 836 3030 931; baseline 0 -22"><span class='ocrx_word' id='word_1_31' title='bbox 651 846 717 909; x_wconf 89' lang='lat' dir='ltr'><strong>in</strong></span> <span class='ocrx_word' id='word_1_32' title='bbox 767 844 864 910; x_wconf 80' lang='lat' dir='ltr'><strong>ed.</strong></span> <span class='ocrx_word' id='word_1_33' title='bbox 912 851 1194 931; x_wconf 81' lang='lat' dir='ltr'><strong>exeget.:</strong></span> <span class='ocrx_word' id='word_1_34' title='bbox 1245 850 1360 908; x_wconf 79' lang='grc' dir='ltr'><strong>τῶν</strong></span> <span class='ocrx_word' id='word_1_35' title='bbox 1410 844 1612 907; x_wconf 71' lang='grc' dir='ltr'><strong><em>οἰστῶν</em></strong></span> <span class='ocrx_word' id='word_1_36' title='bbox 1657 841 2172 921; x_wconf 73' lang='grc' dir='ltr'><strong><em>τριηκοσίους</em></strong></span> <span class='ocrx_word' id='word_1_37' title='bbox 2216 841 2341 905; x_wconf 68' lang='grc' dir='ltr'><strong>ἀπὸ</strong></span> <span class='ocrx_word' id='word_1_38' title='bbox 2388 846 2495 907; x_wconf 82' lang='grc' dir='ltr'><strong>τοῦ</strong></span> <span class='ocrx_word' id='word_1_39' title='bbox 2537 848 2726 909; x_wconf 81' lang='grc' dir='ltr'><strong><em>κοινοῦ</em></strong></span> <span class='ocrx_word' id='word_1_40' title='bbox 2752 868 2767 883; x_wconf 91' lang='grc'><em>·</em></span> <span class='ocrx_word' id='word_1_41' title='bbox 2804 836 2856 910; x_wconf 75' lang='grc' dir='ltr'><strong>οἳ</strong></span> <span class='ocrx_word' id='word_1_42' title='bbox 2882 847 3030 911; x_wconf 69' lang='grc' dir='ltr'><strong><em>ἑπι-</em></strong></span> 
     </span>
     <span class='ocr_line' id='line_1_6' title="bbox 652 948 3035 1034; baseline 0.002 -19"><span class='ocrx_word' id='word_1_43' title='bbox 652 949 890 1025; x_wconf 61' lang='lat' dir='ltr'><strong>adame</strong></span> <span class='ocrx_word' id='word_1_44' title='bbox 943 990 1021 999; x_wconf 89' lang='lat'>—</span> <span class='ocrx_word' id='word_1_45' title='bbox 1073 950 1542 1029; x_wconf 77' lang='grc' dir='ltr'><strong><em>ἐπειρέοντο</em></strong></span> <span class='ocrx_word' id='word_1_46' title='bbox 1605 948 1777 1024; x_wconf 80' lang='grc' dir='ltr'><strong><em>κτὲ.,</em></strong></span> <span class='ocrx_word' id='word_1_47' title='bbox 1841 949 1910 1011; x_wconf 90' lang='lat' dir='ltr'><strong>in</strong></span> <span class='ocrx_word' id='word_1_48' title='bbox 1969 966 2095 1034; x_wconf 87' lang='lat' dir='ltr'><strong>qua</strong></span> <span class='ocrx_word' id='word_1_49' title='bbox 2138 950 2501 1015; x_wconf 86' lang='lat' dir='ltr'><strong>coniectura</strong></span> <span class='ocrx_word' id='word_1_50' title='bbox 2545 970 2665 1015; x_wconf 88' lang='lat' dir='ltr'><strong>non</strong></span> <span class='ocrx_word' id='word_1_51' title='bbox 2718 951 2847 1017; x_wconf 85' lang='lat' dir='ltr'><strong>fero</strong></span> <span class='ocrx_word' id='word_1_52' title='bbox 2894 975 3035 1019; x_wconf 86' lang='lat' dir='ltr'><strong>nar-</strong></span> 
     </span>
     <span class='ocr_line' id='line_1_7' title="bbox 651 1052 3033 1147; baseline 0.001 -24"><span class='ocrx_word' id='word_1_53' title='bbox 651 1057 960 1123; x_wconf 79' lang='lat' dir='ltr'><strong>rationem</strong></span> <span class='ocrx_word' id='word_1_54' title='bbox 1024 1077 1137 1143; x_wconf 88' lang='lat' dir='ltr'><strong>per</strong></span> <span class='ocrx_word' id='word_1_55' title='bbox 1197 1061 1584 1122; x_wconf 84' lang='lat' dir='ltr'><strong>structuram</strong></span> <span class='ocrx_word' id='word_1_56' title='bbox 1632 1052 1991 1119; x_wconf 81' lang='lat' dir='ltr'><strong>relativam.</strong></span> <span class='ocrx_word' id='word_1_57' title='bbox 2064 1052 2272 1133; x_wconf 83' lang='lat' dir='ltr'><strong>Quare</strong></span> <span class='ocrx_word' id='word_1_58' title='bbox 2318 1056 2529 1122; x_wconf 87' lang='lat' dir='ltr'><strong>nescio</strong></span> <span class='ocrx_word' id='word_1_59' title='bbox 2575 1076 2655 1121; x_wconf 88' lang='lat' dir='ltr'><strong>an</strong></span> <span class='ocrx_word' id='word_1_60' title='bbox 2702 1054 3033 1147; x_wconf 81' lang='lat' dir='ltr'><strong>Madvigio</strong></span> 
     </span>
     <span class='ocr_line' id='line_1_8' title="bbox 652 1153 3027 1248; baseline 0.001 -19"><span class='ocrx_word' id='word_1_61' title='bbox 652 1162 1217 1248; x_wconf 86' lang='lat' dir='ltr'><strong>obtemperandum</strong></span> <span class='ocrx_word' id='word_1_62' title='bbox 1259 1164 1378 1239; x_wconf 87' lang='lat' dir='ltr'><strong>sit,</strong></span> <span class='ocrx_word' id='word_1_63' title='bbox 1411 1165 1508 1239; x_wconf 62' lang='lat' dir='ltr'><strong>‚ita</strong></span> <span class='ocrx_word' id='word_1_64' title='bbox 1547 1166 1762 1225; x_wconf 85' lang='lat' dir='ltr'><strong>tamen</strong></span> <span class='ocrx_word' id='word_1_65' title='bbox 1804 1166 1877 1224; x_wconf 87' lang='lat' dir='ltr'><strong>ut</strong></span> <span class='ocrx_word' id='word_1_66' title='bbox 1915 1156 2244 1225; x_wconf 87' lang='lat' dir='ltr'><strong>deleantur</strong></span> <span class='ocrx_word' id='word_1_67' title='bbox 2284 1161 2476 1227; x_wconf 82' lang='lat' dir='ltr'><strong>verba</strong></span> <span class='ocrx_word' id='word_1_68' title='bbox 2500 1153 2553 1227; x_wconf 80' lang='grc' dir='ltr'><strong>οἳ</strong></span> <span class='ocrx_word' id='word_1_69' title='bbox 2579 1163 3027 1241; x_wconf 70' lang='grc' dir='ltr'><strong><em>ἀποπεμφθέν-</em></strong></span> 
     </span>
     <span class='ocr_line' id='line_1_9' title="bbox 649 1262 3033 1355; baseline 0.002 -21"><span class='ocrx_word' id='word_1_70' title='bbox 649 1292 751 1341; x_wconf 79' lang='grc' dir='ltr'><strong>τες</strong></span> <span class='ocrx_word' id='word_1_71' title='bbox 771 1316 790 1347; x_wconf 84' lang='grc'><strong><em>,</em></strong></span> <span class='ocrx_word' id='word_1_72' title='bbox 853 1289 1125 1355; x_wconf 87' lang='lat' dir='ltr'><strong>quorum</strong></span> <span class='ocrx_word' id='word_1_73' title='bbox 1182 1266 1763 1353; x_wconf 87' lang='lat' dir='ltr'><strong>interpolandorum</strong></span> <span class='ocrx_word' id='word_1_74' title='bbox 1816 1262 2043 1331; x_wconf 84' lang='lat' dir='ltr'><strong>falsam</strong></span> <span class='ocrx_word' id='word_1_75' title='bbox 2091 1264 2471 1350; x_wconf 77' lang='lat' dir='ltr'><strong>scripturam</strong></span> <span class='ocrx_word' id='word_1_76' title='bbox 2520 1268 2838 1342; x_wconf 75' lang='grc' dir='ltr'><strong><em>ἐπειρῶντο</em></strong></span> <span class='ocrx_word' id='word_1_77' title='bbox 2887 1292 3033 1337; x_wconf 86' lang='lat' dir='ltr'><strong>cau-</strong></span> 
     </span>
     <span class='ocr_line' id='line_1_10' title="bbox 653 1370 3033 1461; baseline 0 -20"><span class='ocrx_word' id='word_1_78' title='bbox 653 1396 786 1441; x_wconf 90' lang='lat' dir='ltr'><strong>sam</strong></span> <span class='ocrx_word' id='word_1_79' title='bbox 831 1375 1027 1441; x_wconf 83' lang='lat' dir='ltr'><strong>fuisse</strong></span> <span class='ocrx_word' id='word_1_80' title='bbox 1063 1373 1364 1461; x_wconf 84' lang='lat' dir='ltr'><strong>suspicor.</strong></span> <span class='ocrx_word' id='word_1_81' title='bbox 1429 1373 1736 1459; x_wconf 88' lang='lat' dir='ltr'><strong>Apposite</strong></span> <span class='ocrx_word' id='word_1_82' title='bbox 1775 1370 2056 1436; x_wconf 78' lang='lat' dir='ltr'><strong>Steinius</strong></span> <span class='ocrx_word' id='word_1_83' title='bbox 2096 1371 2367 1437; x_wconf 86' lang='lat' dir='ltr'><strong>contulit</strong></span> <span class='ocrx_word' id='word_1_84' title='bbox 2405 1371 2563 1437; x_wconf 84' lang='lat' dir='ltr'><strong>VIII</strong></span> <span class='ocrx_word' id='word_1_85' title='bbox 2610 1373 2736 1440; x_wconf 80' lang='lat'><strong>135</strong></span> <span class='ocrx_word' id='word_1_86' title='bbox 2778 1373 3033 1441; x_wconf 77' lang='grc' dir='ltr'><strong><em>ἕπεσθαι</em></strong></span> 
     </span>
     <span class='ocr_line' id='line_1_11' title="bbox 655 1474 3035 1559; baseline 0.002 -14"><span class='ocrx_word' id='word_1_87' title='bbox 655 1481 706 1545; x_wconf 78' lang='grc' dir='ltr'><strong>οἱ</strong></span> <span class='ocrx_word' id='word_1_88' title='bbox 770 1487 887 1546; x_wconf 79' lang='grc' dir='ltr'><strong>τῶν</strong></span> <span class='ocrx_word' id='word_1_89' title='bbox 952 1482 1220 1545; x_wconf 65' lang='grc' dir='ltr'><strong><em>ἀστῶν</em></strong></span> <span class='ocrx_word' id='word_1_90' title='bbox 1282 1479 1558 1559; x_wconf 68' lang='grc' dir='ltr'><strong><em>αἱρετοὺς</em></strong></span> <span class='ocrx_word' id='word_1_91' title='bbox 1606 1474 1831 1556; x_wconf 73' lang='grc' dir='ltr'><strong><em>ἄνδρας</em></strong></span> <span class='ocrx_word' id='word_1_92' title='bbox 1878 1486 2096 1556; x_wconf 81' lang='grc' dir='ltr'><strong><em>τρεῖς</em></strong></span> <span class='ocrx_word' id='word_1_93' title='bbox 2146 1476 2304 1542; x_wconf 70' lang='grc' dir='ltr'><strong>ἀπὸ</strong></span> <span class='ocrx_word' id='word_1_94' title='bbox 2348 1481 2485 1543; x_wconf 87' lang='grc' dir='ltr'><strong>τοῦ</strong></span> <span class='ocrx_word' id='word_1_95' title='bbox 2535 1486 2796 1546; x_wconf 81' lang='grc' dir='ltr'><strong><em>κοινοῦ</em></strong></span> <span class='ocrx_word' id='word_1_96' title='bbox 2847 1487 2910 1548; x_wconf 88' lang='lat' dir='ltr'><strong>et</strong></span> <span class='ocrx_word' id='word_1_97' title='bbox 2956 1482 3035 1549; x_wconf 81' lang='lat' dir='ltr'><strong>do</strong></span> 
     </span>
     <span class='ocr_line' id='line_1_12' title="bbox 657 1580 2128 1655; baseline -0.003 -2"><span class='ocrx_word' id='word_1_98' title='bbox 657 1602 921 1655; x_wconf 87' lang='lat' dir='ltr'><strong>numero</strong></span> <span class='ocrx_word' id='word_1_99' title='bbox 967 1588 1371 1653; x_wconf 84' lang='lat' dir='ltr'><strong>trieretarum</strong></span> <span class='ocrx_word' id='word_1_100' title='bbox 1423 1584 1556 1651; x_wconf 85' lang='lat' dir='ltr'><strong>VII</strong></span> <span class='ocrx_word' id='word_1_101' title='bbox 1617 1583 1767 1649; x_wconf 83' lang='lat'><strong>114.</strong></span> <span class='ocrx_word' id='word_1_102' title='bbox 1816 1580 1969 1647; x_wconf 88' lang='lat' dir='ltr'><strong>VIII</strong></span> <span class='ocrx_word' id='word_1_103' title='bbox 2021 1580 2128 1649; x_wconf 89' lang='lat'><strong>17.</strong></span> 
     </span>
    </p>
   </div>
   <div class='ocr_carea' id='block_1_3' title="bbox 657 1792 3045 2845">
    <p class='ocr_par' dir='ltr' id='par_1_3' title="bbox 657 1792 3045 2845">
     <span class='ocr_line' id='line_1_13' title="bbox 748 1792 3037 1885; baseline 0 -20"><span class='ocrx_word' id='word_1_104' title='bbox 748 1800 834 1865; x_wconf 84' lang='lat' dir='ltr'><strong>V.</strong></span> <span class='ocrx_word' id='word_1_105' title='bbox 883 1798 972 1869; x_wconf 83' lang='lat'><strong>87</strong></span> <span class='ocrx_word' id='word_1_106' title='bbox 1020 1806 1177 1866; x_wconf 81' lang='lat' dir='ltr'><strong>extr.</strong></span> <span class='ocrx_word' id='word_1_107' title='bbox 1229 1796 1405 1879; x_wconf 72' lang='grc' dir='ltr'><strong><em>ἄλλῳ</em></strong></span> <span class='ocrx_word' id='word_1_108' title='bbox 1442 1797 1558 1876; x_wconf 70' lang='grc' dir='ltr'><strong>μὶν</strong></span> <span class='ocrx_word' id='word_1_109' title='bbox 1595 1797 1666 1871; x_wconf 70' lang='grc' dir='ltr'><strong>δη</strong></span> <span class='ocrx_word' id='word_1_110' title='bbox 1707 1799 1813 1863; x_wconf 77' lang='grc' dir='ltr'><strong>οὐκ</strong></span> <span class='ocrx_word' id='word_1_111' title='bbox 1852 1793 2021 1878; x_wconf 80' lang='grc' dir='ltr'><strong><em>ἔχειν</em></strong></span> <span class='ocrx_word' id='word_1_112' title='bbox 2060 1794 2467 1885; x_wconf 75' lang='grc' dir='ltr'><strong><em>(Ἂθηναίους)</em></strong></span> <span class='ocrx_word' id='word_1_113' title='bbox 2508 1792 2655 1881; x_wconf 80' lang='grc' dir='ltr'><strong><em>ὅτεῳ</em></strong></span> <span class='ocrx_word' id='word_1_114' title='bbox 2694 1798 3037 1881; x_wconf 74' lang='grc' dir='ltr'><strong><em>ζημιώσωσι</em></strong></span> 
     </span>
     <span class='ocr_line' id='line_1_14' title="bbox 659 1900 3035 1987; baseline -0 -14"><span class='ocrx_word' id='word_1_115' title='bbox 659 1907 777 1979; x_wconf 69' lang='grc' dir='ltr'><strong><em>τὰς</em></strong></span> <span class='ocrx_word' id='word_1_116' title='bbox 825 1914 1170 1987; x_wconf 82' lang='grc' dir='ltr'><strong><em>γυναῖκας,</em></strong></span> <span class='ocrx_word' id='word_1_117' title='bbox 1220 1906 1330 1981; x_wconf 67' lang='grc' dir='ltr'><strong>τὴν</strong></span> <span class='ocrx_word' id='word_1_118' title='bbox 1375 1905 1438 1971; x_wconf 67' lang='grc' dir='ltr'><strong>δὲ</strong></span> <span class='ocrx_word' id='word_1_119' title='bbox 1488 1904 1716 1979; x_wconf 71' lang='grc' dir='ltr'><strong><em>ἐσθῆτα</em></strong></span> <span class='ocrx_word' id='word_1_120' title='bbox 1764 1900 2245 1980; x_wconf 82' lang='grc' dir='ltr'><strong><em>μετέβαλον</em></strong></span> <span class='ocrx_word' id='word_1_121' title='bbox 2292 1903 2526 1969; x_wconf 81' lang='grc' dir='ltr'><strong><em>αὐτέων</em></strong></span> <span class='ocrx_word' id='word_1_122' title='bbox 2572 1905 2630 1977; x_wconf 79' lang='grc' dir='ltr'><strong>ές</strong></span> <span class='ocrx_word' id='word_1_123' title='bbox 2682 1908 2790 1982; x_wconf 73' lang='grc' dir='ltr'><strong>την</strong></span> <span class='ocrx_word' id='word_1_124' title='bbox 2838 1906 3035 1972; x_wconf 70' lang='grc' dir='ltr'><strong><em>Ἰάδα.</em></strong></span> 
     </span>
     <span class='ocr_line' id='line_1_15' title="bbox 659 2009 3038 2099; baseline -0.001 -18"><span class='ocrx_word' id='word_1_125' title='bbox 659 2014 864 2081; x_wconf 82' lang='lat' dir='ltr'><strong>Miror</strong></span> <span class='ocrx_word' id='word_1_126' title='bbox 922 2015 1246 2079; x_wconf 87' lang='lat' dir='ltr'><strong>neminem</strong></span> <span class='ocrx_word' id='word_1_127' title='bbox 1309 2010 1544 2078; x_wconf 83' lang='lat' dir='ltr'><strong>vidisse</strong></span> <span class='ocrx_word' id='word_1_128' title='bbox 1606 2009 2007 2076; x_wconf 86' lang='lat' dir='ltr'><strong>Herodotum</strong></span> <span class='ocrx_word' id='word_1_129' title='bbox 2067 2011 2136 2074; x_wconf 91' lang='lat' dir='ltr'><strong>in</strong></span> <span class='ocrx_word' id='word_1_130' title='bbox 2197 2009 2317 2075; x_wconf 86' lang='lat' dir='ltr'><strong>hac</strong></span> <span class='ocrx_word' id='word_1_131' title='bbox 2378 2009 2775 2099; x_wconf 80' lang='lat' dir='ltr'><strong>Argivorum</strong></span> <span class='ocrx_word' id='word_1_132' title='bbox 2829 2034 3038 2079; x_wconf 87' lang='lat' dir='ltr'><strong>narra-</strong></span> 
     </span>
     <span class='ocr_line' id='line_1_16' title="bbox 657 2114 3037 2203; baseline 0 -18"><span class='ocrx_word' id='word_1_133' title='bbox 657 2122 832 2185; x_wconf 81' lang='lat' dir='ltr'><strong>tione</strong></span> <span class='ocrx_word' id='word_1_134' title='bbox 888 2121 1236 2186; x_wconf 89' lang='lat' dir='ltr'><strong>necessario</strong></span> <span class='ocrx_word' id='word_1_135' title='bbox 1307 2118 1628 2203; x_wconf 75' lang='lat' dir='ltr'><strong>scripsisse</strong></span> <span class='ocrx_word' id='word_1_136' title='bbox 1695 2114 2093 2193; x_wconf 85' lang='grc' dir='ltr'><strong><em>μεταβαλ</em></strong></span> <span class='ocrx_word' id='word_1_137' title='bbox 2114 2123 2262 2193; x_wconf 83' lang='grc' dir='ltr'><strong><em>εῖν,</em></strong></span> <span class='ocrx_word' id='word_1_138' title='bbox 2336 2117 2504 2201; x_wconf 88' lang='lat' dir='ltr'><strong>quod</strong></span> <span class='ocrx_word' id='word_1_139' title='bbox 2574 2116 2759 2185; x_wconf 86' lang='lat' dir='ltr'><strong>facile</strong></span> <span class='ocrx_word' id='word_1_140' title='bbox 2826 2118 3037 2186; x_wconf 88' lang='lat' dir='ltr'><strong>labem</strong></span> 
     </span>
     <span class='ocr_line' id='line_1_17' title="bbox 662 2216 3037 2311; baseline 0.001 -20"><span class='ocrx_word' id='word_1_141' title='bbox 662 2228 948 2311; x_wconf 86' lang='lat' dir='ltr'><strong>concepit</strong></span> <span class='ocrx_word' id='word_1_142' title='bbox 1009 2246 1044 2290; x_wconf 86' lang='lat' dir='ltr'><strong>e</strong></span> <span class='ocrx_word' id='word_1_143' title='bbox 1105 2224 1547 2311; x_wconf 83' lang='lat' dir='ltr'><strong>sequentibus:</strong></span> <span class='ocrx_word' id='word_1_144' title='bbox 1610 2220 2083 2300; x_wconf 70' lang='grc' dir='ltr'><strong><em>μετέβαλον</em></strong></span> <span class='ocrx_word' id='word_1_145' title='bbox 2150 2216 2227 2285; x_wconf 79' lang='grc' dir='ltr'><strong>ὦν</strong></span> <span class='ocrx_word' id='word_1_146' title='bbox 2290 2222 2351 2295; x_wconf 77' lang='grc' dir='ltr'><strong>ές</strong></span> <span class='ocrx_word' id='word_1_147' title='bbox 2410 2224 2512 2289; x_wconf 74' lang='grc' dir='ltr'><strong>τὸν</strong></span> <span class='ocrx_word' id='word_1_148' title='bbox 2558 2224 2748 2290; x_wconf 89' lang='grc' dir='ltr'><strong><em>λίνεον</em></strong></span> <span class='ocrx_word' id='word_1_149' title='bbox 2798 2228 3037 2294; x_wconf 80' lang='grc' dir='ltr'><strong><em>κιθῶνα.</em></strong></span> 
     </span>
     <span class='ocr_line' id='line_1_18' title="bbox 661 2329 3037 2419; baseline 0 -21"><span class='ocrx_word' id='word_1_150' title='bbox 661 2332 954 2419; x_wconf 82' lang='lat' dir='ltr'><strong>Namque</strong></span> <span class='ocrx_word' id='word_1_151' title='bbox 1015 2337 1302 2397; x_wconf 85' lang='lat' dir='ltr'><strong>mutatae</strong></span> <span class='ocrx_word' id='word_1_152' title='bbox 1358 2334 1714 2395; x_wconf 84' lang='lat' dir='ltr'><strong>structurae</strong></span> <span class='ocrx_word' id='word_1_153' title='bbox 1776 2330 1844 2392; x_wconf 90' lang='lat' dir='ltr'><strong>in</strong></span> <span class='ocrx_word' id='word_1_154' title='bbox 1894 2329 2310 2415; x_wconf 82' lang='lat' dir='ltr'><strong>praegressis:</strong></span> <span class='ocrx_word' id='word_1_155' title='bbox 2362 2330 2782 2409; x_wconf 71' lang='grc' dir='ltr'><strong><em>περιγενέσθαι</em></strong></span> <span class='ocrx_word' id='word_1_156' title='bbox 2828 2331 3037 2411; x_wconf 86' lang='grc' dir='ltr'><strong><em>μέντοι</em></strong></span> 
     </span>
     <span class='ocr_line' id='line_1_19' title="bbox 665 2432 3039 2520; baseline 0.001 -17"><span class='ocrx_word' id='word_1_157' title='bbox 665 2438 796 2503; x_wconf 74' lang='grc' dir='ltr'><strong><em>οὐδὲ</em></strong></span> <span class='ocrx_word' id='word_1_158' title='bbox 857 2442 1067 2502; x_wconf 84' lang='grc' dir='ltr'><strong><em>τοῦτον</em></strong></span> <span class='ocrx_word' id='word_1_159' title='bbox 1138 2436 1242 2501; x_wconf 79' lang='grc' dir='ltr'><strong>τὸν</strong></span> <span class='ocrx_word' id='word_1_160' title='bbox 1287 2432 1394 2499; x_wconf 72' lang='grc' dir='ltr'><strong>ἕνα</strong></span> <span class='ocrx_word' id='word_1_161' title='bbox 1441 2434 1592 2499; x_wconf 67' lang='grc' dir='ltr'><strong>ἀλλ’</strong></span> <span class='ocrx_word' id='word_1_162' title='bbox 1641 2432 1985 2499; x_wconf 69' lang='grc' dir='ltr'><strong><em>ἀπολέσθαι</em></strong></span> <span class='ocrx_word' id='word_1_163' title='bbox 2034 2434 2235 2514; x_wconf 76' lang='grc' dir='ltr'><strong><em>τρόπῳ</em></strong></span> <span class='ocrx_word' id='word_1_164' title='bbox 2284 2435 2511 2517; x_wconf 75' lang='grc' dir='ltr'><strong><em>τοιῷδε.</em></strong></span> <span class='ocrx_word' id='word_1_165' title='bbox 2563 2438 2866 2516; x_wconf 76' lang='grc' dir='ltr'><strong><em>κομισθεὶς</em></strong></span> <span class='ocrx_word' id='word_1_166' title='bbox 2913 2440 3039 2520; x_wconf 76' lang='grc' dir='ltr'><strong><em>γὰρ</em></strong></span> 
     </span>
     <span class='ocr_line' id='line_1_20' title="bbox 663 2538 3037 2622; baseline -0 -12"><span class='ocrx_word' id='word_1_167' title='bbox 663 2545 721 2616; x_wconf 72' lang='grc' dir='ltr'><strong>ἐς</strong></span> <span class='ocrx_word' id='word_1_168' title='bbox 772 2544 890 2618; x_wconf 72' lang='grc' dir='ltr'><strong><em>τὰς</em></strong></span> <span class='ocrx_word' id='word_1_169' title='bbox 939 2542 1201 2618; x_wconf 75' lang='grc' dir='ltr'><strong><em>Ἀθήνας</em></strong></span> <span class='ocrx_word' id='word_1_170' title='bbox 1250 2542 1613 2621; x_wconf 71' lang='grc' dir='ltr'><strong><em>ἀπήγγειλε</em></strong></span> <span class='ocrx_word' id='word_1_171' title='bbox 1652 2540 1723 2606; x_wconf 80' lang='grc' dir='ltr'><strong>τὸ</strong></span> <span class='ocrx_word' id='word_1_172' title='bbox 1759 2539 1949 2612; x_wconf 70' lang='grc' dir='ltr'><strong><em>πάθος</em></strong></span> <span class='ocrx_word' id='word_1_173' title='bbox 1974 2561 1989 2579; x_wconf 93' lang='grc'><em>·</em></span> <span class='ocrx_word' id='word_1_174' title='bbox 2014 2538 2356 2618; x_wconf 77' lang='grc' dir='ltr'><strong><em>πυθομένας</em></strong></span> <span class='ocrx_word' id='word_1_175' title='bbox 2384 2540 2446 2608; x_wconf 69' lang='grc' dir='ltr'><strong>δὲ</strong></span> <span class='ocrx_word' id='word_1_176' title='bbox 2475 2543 2593 2618; x_wconf 73' lang='grc' dir='ltr'><strong><em>τὰς</em></strong></span> <span class='ocrx_word' id='word_1_177' title='bbox 2619 2550 2927 2622; x_wconf 79' lang='grc' dir='ltr'><strong><em>γυναῖκας</em></strong></span> <span class='ocrx_word' id='word_1_178' title='bbox 2954 2585 3037 2596; x_wconf 93' lang='grc'>-</span> 
     </span>
     <span class='ocr_line' id='line_1_21' title="bbox 661 2645 3045 2739; baseline 0.001 -21"><span class='ocrx_word' id='word_1_179' title='bbox 661 2653 912 2733; x_wconf 74' lang='grc' dir='ltr'><strong><em>εἰρωτᾶν</em></strong></span> <span class='ocrx_word' id='word_1_180' title='bbox 959 2649 1086 2717; x_wconf 77' lang='grc' dir='ltr'><strong><em>κτέ.</em></strong></span> <span class='ocrx_word' id='word_1_181' title='bbox 1139 2649 1329 2739; x_wconf 80' lang='lat' dir='ltr'><strong>longe</strong></span> <span class='ocrx_word' id='word_1_182' title='bbox 1376 2648 1506 2714; x_wconf 86' lang='lat' dir='ltr'><strong>alia</strong></span> <span class='ocrx_word' id='word_1_183' title='bbox 1548 2650 1709 2714; x_wconf 87' lang='lat' dir='ltr'><strong>ratio</strong></span> <span class='ocrx_word' id='word_1_184' title='bbox 1760 2655 1875 2714; x_wconf 85' lang='lat' dir='ltr'><strong>est.</strong></span> <span class='ocrx_word' id='word_1_185' title='bbox 1939 2645 2275 2715; x_wconf 82' lang='lat' dir='ltr'><strong>Structura</strong></span> <span class='ocrx_word' id='word_1_186' title='bbox 2312 2652 2485 2714; x_wconf 90' lang='lat' dir='ltr'><strong>enim</strong></span> <span class='ocrx_word' id='word_1_187' title='bbox 2526 2657 2623 2718; x_wconf 88' lang='lat' dir='ltr'><strong>est</strong></span> <span class='ocrx_word' id='word_1_188' title='bbox 2662 2655 3045 2738; x_wconf 84' lang='lat' dir='ltr'><strong>paratactica</strong></span> 
     </span>
     <span class='ocr_line' id='line_1_22' title="bbox 658 2754 2665 2845; baseline -0 -21"><span class='ocrx_word' id='word_1_189' title='bbox 658 2779 772 2845; x_wconf 88' lang='lat' dir='ltr'><strong>pro</strong></span> <span class='ocrx_word' id='word_1_190' title='bbox 820 2754 923 2825; x_wconf 82' lang='grc' dir='ltr'><strong><em>ὅτε</em></strong></span> <span class='ocrx_word' id='word_1_191' title='bbox 970 2757 1096 2836; x_wconf 70' lang='grc' dir='ltr'><strong><em>γὰρ</em></strong></span> <span class='ocrx_word' id='word_1_192' title='bbox 1147 2794 1230 2806; x_wconf 93' lang='lat'>-</span> <span class='ocrx_word' id='word_1_193' title='bbox 1280 2755 1678 2834; x_wconf 73' lang='grc' dir='ltr'><strong><em>ἀπήγγειλε,</em></strong></span> <span class='ocrx_word' id='word_1_194' title='bbox 1729 2754 1848 2827; x_wconf 76' lang='grc' dir='ltr'><strong><em>τὰς</em></strong></span> <span class='ocrx_word' id='word_1_195' title='bbox 1896 2761 2207 2832; x_wconf 75' lang='grc' dir='ltr'><strong><em>γυναῖκας</em></strong></span> <span class='ocrx_word' id='word_1_196' title='bbox 2260 2791 2341 2803; x_wconf 87' lang='grc'><strong>-</strong></span> <span class='ocrx_word' id='word_1_197' title='bbox 2389 2755 2665 2836; x_wconf 75' lang='grc' dir='ltr'><strong><em>είρωτᾶν.</em></strong></span> 
     </span>
    </p>
   </div>
   <div class='ocr_carea' id='block_1_4' title="bbox 656 2963 3045 3691">
    <p class='ocr_par' dir='ltr' id='par_1_4' title="bbox 656 2963 3045 3691">
     <span class='ocr_line' id='line_1_23' title="bbox 752 2963 3045 3047; baseline -0 -10"><span class='ocrx_word' id='word_1_198' title='bbox 752 2970 837 3036; x_wconf 83' lang='lat' dir='ltr'><strong>V.</strong></span> <span class='ocrx_word' id='word_1_199' title='bbox 885 2969 971 3036; x_wconf 89' lang='grc'><strong>89</strong></span> <span class='ocrx_word' id='word_1_200' title='bbox 1020 2973 1180 3036; x_wconf 84' lang='lat' dir='ltr'><strong>extr.</strong></span> <span class='ocrx_word' id='word_1_201' title='bbox 1227 2967 1548 3046; x_wconf 72' lang='grc' dir='ltr'><strong><em>τριήκοντα</em></strong></span> <span class='ocrx_word' id='word_1_202' title='bbox 1595 2964 1660 3030; x_wconf 78' lang='grc' dir='ltr'><strong>δὲ</strong></span> <span class='ocrx_word' id='word_1_203' title='bbox 1704 2963 1852 3031; x_wconf 80' lang='grc' dir='ltr'><strong><em>ἔτεα</em></strong></span> <span class='ocrx_word' id='word_1_204' title='bbox 1900 2965 2008 3031; x_wconf 79' lang='grc' dir='ltr'><strong>οὐκ</strong></span> <span class='ocrx_word' id='word_1_205' title='bbox 2052 2963 2387 3047; x_wconf 77' lang='grc' dir='ltr'><strong><em>οὶνέσχοντο</em></strong></span> <span class='ocrx_word' id='word_1_206' title='bbox 2436 2968 2813 3044; x_wconf 67' lang='grc' dir='ltr'><strong><em>ἀκούσαντες</em></strong></span> <span class='ocrx_word' id='word_1_207' title='bbox 2853 2968 3045 3046; x_wconf 78' lang='grc' dir='ltr'><strong>ὅκως</strong></span> 
     </span>
     <span class='ocr_line' id='line_1_24' title="bbox 656 3070 3041 3165; baseline 0.001 -23"><span class='ocrx_word' id='word_1_208' title='bbox 656 3079 854 3158; x_wconf 79' lang='grc' dir='ltr'><strong><em>χρεὼν</em></strong></span> <span class='ocrx_word' id='word_1_209' title='bbox 901 3075 992 3150; x_wconf 74' lang='grc' dir='ltr'><strong><em>εἵη</em></strong></span> <span class='ocrx_word' id='word_1_210' title='bbox 1045 3076 1328 3154; x_wconf 75' lang='grc' dir='ltr'><strong><em>ἐπισχεῖν</em></strong></span> <span class='ocrx_word' id='word_1_211' title='bbox 1377 3070 1751 3144; x_wconf 72' lang='grc' dir='ltr'><strong><em>πεπονθότας</em></strong></span> <span class='ocrx_word' id='word_1_212' title='bbox 1802 3072 1948 3153; x_wconf 81' lang='grc' dir='ltr'><strong><em>πρὸς</em></strong></span> <span class='ocrx_word' id='word_1_213' title='bbox 1988 3073 2360 3151; x_wconf 71' lang='grc' dir='ltr'><strong><em>Αἰγινητέων</em></strong></span> <span class='ocrx_word' id='word_1_214' title='bbox 2400 3074 2681 3157; x_wconf 69' lang='grc' dir='ltr'><strong><em>ἀνάρσια.</em></strong></span> <span class='ocrx_word' id='word_1_215' title='bbox 2734 3076 2862 3144; x_wconf 78' lang='lat' dir='ltr'><strong>Hie</strong></span> <span class='ocrx_word' id='word_1_216' title='bbox 2901 3079 3041 3165; x_wconf 86' lang='lat' dir='ltr'><strong>qui·</strong></span> 
     </span>
     <span class='ocr_line' id='line_1_25' title="bbox 661 3175 3042 3268; baseline 0 -18"><span class='ocrx_word' id='word_1_217' title='bbox 661 3185 809 3250; x_wconf 85' lang='lat' dir='ltr'><strong>dem</strong></span> <span class='ocrx_word' id='word_1_218' title='bbox 870 3204 996 3249; x_wconf 90' lang='lat' dir='ltr'><strong>non</strong></span> <span class='ocrx_word' id='word_1_219' title='bbox 1053 3181 1275 3247; x_wconf 85' lang='lat' dir='ltr'><strong>eadem</strong></span> <span class='ocrx_word' id='word_1_220' title='bbox 1341 3180 1526 3246; x_wconf 82' lang='lat' dir='ltr'><strong>venia</strong></span> <span class='ocrx_word' id='word_1_221' title='bbox 1578 3184 1799 3264; x_wconf 88' lang='lat' dir='ltr'><strong>parata</strong></span> <span class='ocrx_word' id='word_1_222' title='bbox 1844 3184 1941 3244; x_wconf 84' lang='lat' dir='ltr'><strong>est</strong></span> <span class='ocrx_word' id='word_1_223' title='bbox 1986 3177 2250 3246; x_wconf 81' lang='lat' dir='ltr'><strong>voculae</strong></span> <span class='ocrx_word' id='word_1_224' title='bbox 2296 3175 2444 3253; x_wconf 81' lang='grc' dir='ltr'><strong>ὅκως</strong></span> <span class='ocrx_word' id='word_1_225' title='bbox 2466 3229 2482 3256; x_wconf 86' lang='grc'><strong>.</strong></span> <span class='ocrx_word' id='word_1_226' title='bbox 2533 3201 2727 3268; x_wconf 89' lang='lat' dir='ltr'><strong>quam</strong></span> <span class='ocrx_word' id='word_1_227' title='bbox 2776 3183 2936 3250; x_wconf 90' lang='lat' dir='ltr'><strong>bene</strong></span> <span class='ocrx_word' id='word_1_228' title='bbox 2980 3185 3042 3250; x_wconf 90' lang='lat' dir='ltr'><strong>ei</strong></span> 
     </span>
     <span class='ocr_line' id='line_1_26' title="bbox 662 3282 3043 3374; baseline -0 -19"><span class='ocrx_word' id='word_1_229' title='bbox 662 3291 890 3356; x_wconf 82' lang='lat' dir='ltr'><strong>tribuit</strong></span> <span class='ocrx_word' id='word_1_230' title='bbox 949 3286 1475 3373; x_wconf 75' lang='lat' dir='ltr'><strong>Schweighiiuser</strong></span> <span class='ocrx_word' id='word_1_231' title='bbox 1533 3287 1601 3348; x_wconf 90' lang='lat' dir='ltr'><strong>in</strong></span> <span class='ocrx_word' id='word_1_232' title='bbox 1664 3282 1869 3350; x_wconf 86' lang='lat' dir='ltr'><strong>lexico</strong></span> <span class='ocrx_word' id='word_1_233' title='bbox 1932 3306 2079 3374; x_wconf 80' lang='lat' dir='ltr'><strong>pag.</strong></span> <span class='ocrx_word' id='word_1_234' title='bbox 2147 3285 2275 3350; x_wconf 81' lang='lat'><strong>143</strong></span> <span class='ocrx_word' id='word_1_235' title='bbox 2333 3289 2400 3351; x_wconf 89' lang='lat' dir='ltr'><strong>in</strong></span> <span class='ocrx_word' id='word_1_236' title='bbox 2448 3285 2603 3354; x_wconf 87' lang='lat' dir='ltr'><strong>locis</strong></span> <span class='ocrx_word' id='word_1_237' title='bbox 2650 3288 2751 3353; x_wconf 93' lang='lat'><strong>111</strong></span> <span class='ocrx_word' id='word_1_238' title='bbox 2802 3289 2929 3354; x_wconf 85' lang='lat'><strong>115</strong></span> <span class='ocrx_word' id='word_1_239' title='bbox 2977 3294 3043 3355; x_wconf 89' lang='lat' dir='ltr'><strong>et</strong></span> 
     </span>
     <span class='ocr_line' id='line_1_27' title="bbox 667 3390 3039 3479; baseline -0.001 -17"><span class='ocrx_word' id='word_1_240' title='bbox 667 3395 836 3474; x_wconf 85' lang='lat'>116,</span> <span class='ocrx_word' id='word_1_241' title='bbox 894 3415 1010 3460; x_wconf 87' lang='lat' dir='ltr'><strong>nec</strong></span> <span class='ocrx_word' id='word_1_242' title='bbox 1056 3391 1281 3458; x_wconf 85' lang='lat' dir='ltr'><strong>dubito</strong></span> <span class='ocrx_word' id='word_1_243' title='bbox 1327 3393 1481 3476; x_wconf 89' lang='lat' dir='ltr'><strong>quin</strong></span> <span class='ocrx_word' id='word_1_244' title='bbox 1528 3390 1972 3479; x_wconf 81' lang='lat' dir='ltr'><strong>corrigendum</strong></span> <span class='ocrx_word' id='word_1_245' title='bbox 2021 3393 2108 3457; x_wconf 85' lang='lat' dir='ltr'><strong>sit</strong></span> <span class='ocrx_word' id='word_1_246' title='bbox 2153 3394 2268 3464; x_wconf 76' lang='grc' dir='ltr'><strong>ὥς.</strong></span> <span class='ocrx_word' id='word_1_247' title='bbox 2339 3391 2629 3460; x_wconf 86' lang='lat' dir='ltr'><strong>Fortasse</strong></span> <span class='ocrx_word' id='word_1_248' title='bbox 2672 3401 2897 3462; x_wconf 87' lang='lat' dir='ltr'><strong>natum</strong></span> <span class='ocrx_word' id='word_1_249' title='bbox 2946 3399 3039 3460; x_wconf 90' lang='lat' dir='ltr'><strong>est</strong></span> 
     </span>
     <span class='ocr_line' id='line_1_28' title="bbox 665 3493 3042 3586; baseline -0.001 -17"><span class='ocrx_word' id='word_1_250' title='bbox 665 3500 813 3577; x_wconf 78' lang='grc' dir='ltr'><strong>ὅκως</strong></span> <span class='ocrx_word' id='word_1_251' title='bbox 870 3523 947 3568; x_wconf 85' lang='lat' dir='ltr'><strong>ex</strong></span> <span class='ocrx_word' id='word_1_252' title='bbox 1009 3497 1116 3586; x_wconf 79' lang='grc' dir='ltr'><strong>ὥς,</strong></span> <span class='ocrx_word' id='word_1_253' title='bbox 1186 3519 1526 3584; x_wconf 87' lang='lat' dir='ltr'><strong>susperscr.</strong></span> <span class='ocrx_word' id='word_1_254' title='bbox 1588 3518 1725 3564; x_wconf 81' lang='lat' dir='ltr'><strong>var.</strong></span> <span class='ocrx_word' id='word_1_255' title='bbox 1787 3495 1931 3564; x_wconf 90' lang='lat' dir='ltr'><strong>lect.</strong></span> <span class='ocrx_word' id='word_1_256' title='bbox 1991 3493 2106 3564; x_wconf 84' lang='grc' dir='ltr'><strong><em>ὅτι.</em></strong></span> <span class='ocrx_word' id='word_1_257' title='bbox 2182 3497 2441 3566; x_wconf 83' lang='lat' dir='ltr'><strong>Inversa</strong></span> <span class='ocrx_word' id='word_1_258' title='bbox 2486 3503 2729 3568; x_wconf 87' lang='lat' dir='ltr'><strong>ratione</strong></span> <span class='ocrx_word' id='word_1_259' title='bbox 2776 3501 3042 3570; x_wconf 86' lang='lat' dir='ltr'><strong>subinde</strong></span> 
     </span>
     <span class='ocr_line' id='line_1_29' title="bbox 661 3605 1704 3691; baseline -0.009 -14"><span class='ocrx_word' id='word_1_260' title='bbox 661 3613 738 3684; x_wconf 79' lang='grc' dir='ltr'><strong>ὦς</strong></span> <span class='ocrx_word' id='word_1_261' title='bbox 784 3612 852 3676; x_wconf 87' lang='lat' dir='ltr'><strong>in</strong></span> <span class='ocrx_word' id='word_1_262' title='bbox 899 3606 1048 3679; x_wconf 83' lang='grc' dir='ltr'><strong>ὅκως</strong></span> <span class='ocrx_word' id='word_1_263' title='bbox 1095 3605 1541 3691; x_wconf 81' lang='lat' dir='ltr'><strong>corrigendum</strong></span> <span class='ocrx_word' id='word_1_264' title='bbox 1589 3609 1704 3669; x_wconf 80' lang='lat' dir='ltr'><strong>est.</strong></span> 
     </span>
    </p>
   </div>
   <div class='ocr_carea' id='block_1_5' title="bbox 656 3816 3045 4542">
    <p class='ocr_par' dir='ltr' id='par_1_5' title="bbox 656 3816 3045 4418">
     <span class='ocr_line' id='line_1_30' title="bbox 753 3816 3041 3901; baseline -0.001 -13"><span class='ocrx_word' id='word_1_265' title='bbox 753 3820 840 3888; x_wconf 84' lang='lat' dir='ltr'><strong>V.</strong></span> <span class='ocrx_word' id='word_1_266' title='bbox 890 3819 971 3887; x_wconf 91' lang='lat'><strong>91</strong></span> <span class='ocrx_word' id='word_1_267' title='bbox 1027 3819 1446 3901; x_wconf 75' lang='grc' dir='ltr'><strong><em>κατεχόμενον</em></strong></span> <span class='ocrx_word' id='word_1_268' title='bbox 1494 3817 1557 3883; x_wconf 69' lang='grc' dir='ltr'><strong>δὲ</strong></span> <span class='ocrx_word' id='word_1_269' title='bbox 1606 3816 1723 3884; x_wconf 77' lang='grc' dir='ltr'><strong>ὑπὸ</strong></span> <span class='ocrx_word' id='word_1_270' title='bbox 1771 3816 2111 3898; x_wconf 74' lang='grc' dir='ltr'><strong><em>τυραννίδος</em></strong></span> <span class='ocrx_word' id='word_1_271' title='bbox 2161 3818 2403 3892; x_wconf 70' lang='grc' dir='ltr'><strong><em>ἀσθενὲς</em></strong></span> <span class='ocrx_word' id='word_1_272' title='bbox 2451 3817 2556 3884; x_wconf 77' lang='grc' dir='ltr'><strong>καὶ</strong></span> <span class='ocrx_word' id='word_1_273' title='bbox 2606 3843 2699 3884; x_wconf 90' lang='grc' dir='ltr'><strong><em>πε</em></strong></span> <span class='ocrx_word' id='word_1_274' title='bbox 2720 3820 2896 3900; x_wconf 82' lang='grc' dir='ltr'><strong><em>ιθαρ</em></strong></span> <span class='ocrx_word' id='word_1_275' title='bbox 2911 3819 3041 3901; x_wconf 76' lang='grc' dir='ltr'><strong>χέ-</strong></span> 
     </span>
     <span class='ocr_line' id='line_1_31' title="bbox 661 3923 3041 4012; baseline -0.001 -17"><span class='ocrx_word' id='word_1_276' title='bbox 661 3929 888 3995; x_wconf 84' lang='grc' dir='ltr'><strong><em>εσθαι</em></strong></span> <span class='ocrx_word' id='word_1_277' title='bbox 929 3927 1186 4004; x_wconf 80' lang='grc' dir='ltr'><strong><em>ἑτοῖμον.</em></strong></span> <span class='ocrx_word' id='word_1_278' title='bbox 1237 3923 1636 3991; x_wconf 68' lang='lat' dir='ltr'><strong>confidenter</strong></span> <span class='ocrx_word' id='word_1_279' title='bbox 1672 3923 1939 3989; x_wconf 87' lang='lat' dir='ltr'><strong>emendo</strong></span> <span class='ocrx_word' id='word_1_280' title='bbox 1975 3924 2549 4010; x_wconf 81' lang='grc' dir='ltr'><strong><em>πειθαρχέειν,</em></strong></span> <span class='ocrx_word' id='word_1_281' title='bbox 2592 3926 2759 4012; x_wconf 89' lang='lat' dir='ltr'><strong>quod</strong></span> <span class='ocrx_word' id='word_1_282' title='bbox 2800 3929 3041 3993; x_wconf 82' lang='lat' dir='ltr'><strong>vitium</strong></span> 
     </span>
     <span class='ocr_line' id='line_1_32' title="bbox 661 4029 3045 4118; baseline -0.001 -19"><span class='ocrx_word' id='word_1_283' title='bbox 661 4035 1010 4118; x_wconf 87' lang='lat' dir='ltr'><strong>suscepisse</strong></span> <span class='ocrx_word' id='word_1_284' title='bbox 1059 4033 1342 4118; x_wconf 88' lang='lat' dir='ltr'><strong>suspicor</strong></span> <span class='ocrx_word' id='word_1_285' title='bbox 1388 4051 1422 4096; x_wconf 92' lang='lat' dir='ltr'><strong>e</strong></span> <span class='ocrx_word' id='word_1_286' title='bbox 1468 4049 1836 4117; x_wconf 83' lang='lat' dir='ltr'><strong>praegresso</strong></span> <span class='ocrx_word' id='word_1_287' title='bbox 1883 4031 2297 4094; x_wconf 73' lang='grc' dir='ltr'><strong><em>πείθΘΟΘΑῙ.</em></strong></span> <span class='ocrx_word' id='word_1_288' title='bbox 2370 4029 2526 4112; x_wconf 84' lang='lat' dir='ltr'><strong>Quis</strong></span> <span class='ocrx_word' id='word_1_289' title='bbox 2572 4052 2803 4118; x_wconf 85' lang='lat' dir='ltr'><strong>quaeso</strong></span> <span class='ocrx_word' id='word_1_290' title='bbox 2850 4031 3045 4098; x_wconf 84' lang='lat' dir='ltr'><strong>ferret</strong></span> 
     </span>
     <span class='ocr_line' id='line_1_33' title="bbox 660 4121 3043 4224; baseline -0.001 -20"><span class='ocrx_word' id='word_1_291' title='bbox 660 4121 1145 4218; x_wconf 71' lang='grc' dir='ltr'><strong><em>στρατηγεῖσθαι</em></strong></span> <span class='ocrx_word' id='word_1_292' title='bbox 1194 4139 1501 4222; x_wconf 84' lang='lat' dir='ltr'><strong>scriptum</strong></span> <span class='ocrx_word' id='word_1_293' title='bbox 1554 4155 1664 4220; x_wconf 88' lang='lat' dir='ltr'><strong>pro</strong></span> <span class='ocrx_word' id='word_1_294' title='bbox 1709 4145 2085 4215; x_wconf 71' lang='grc' dir='ltr'><strong><em>στρατηγεῖν</em></strong></span> <span class='ocrx_word' id='word_1_295' title='bbox 2110 4183 2126 4214; x_wconf 92' lang='grc'><em>,</em></span> <span class='ocrx_word' id='word_1_296' title='bbox 2172 4138 2616 4218; x_wconf 77' lang='grc' dir='ltr'><strong><em>μοναρχεῖσθαι</em></strong></span> <span class='ocrx_word' id='word_1_297' title='bbox 2666 4159 2780 4224; x_wconf 85' lang='lat' dir='ltr'><strong>pro</strong></span> <span class='ocrx_word' id='word_1_298' title='bbox 2820 4161 3043 4217; x_wconf 82' lang='grc' dir='ltr'><strong><em>μοναρ-</em></strong></span> 
     </span>
     <span class='ocr_line' id='line_1_34' title="bbox 660 4241 3038 4331; baseline 0 -23"><span class='ocrx_word' id='word_1_299' title='bbox 660 4251 805 4326; x_wconf 84' lang='grc' dir='ltr'><strong><em>χεῖν</em></strong></span> <span class='ocrx_word' id='word_1_300' title='bbox 822 4292 837 4319; x_wconf 89' lang='grc'><strong><em>,</em></strong></span> <span class='ocrx_word' id='word_1_301' title='bbox 889 4242 1344 4324; x_wconf 82' lang='grc' dir='ltr'><strong><em>δημαρχεῖσθαι</em></strong></span> <span class='ocrx_word' id='word_1_302' title='bbox 1369 4263 1481 4328; x_wconf 89' lang='lat' dir='ltr'><strong>pro</strong></span> <span class='ocrx_word' id='word_1_303' title='bbox 1508 4241 1852 4323; x_wconf 78' lang='grc' dir='ltr'><strong><em>δημαρχεῖν</em></strong></span> <span class='ocrx_word' id='word_1_304' title='bbox 1874 4293 1891 4316; x_wconf 88' lang='grc'><strong><em>,</em></strong></span> <span class='ocrx_word' id='word_1_305' title='bbox 1919 4243 2433 4322; x_wconf 77' lang='grc' dir='ltr'><strong><em>δημαγωγεῖσθαι</em></strong></span> <span class='ocrx_word' id='word_1_306' title='bbox 2458 4265 2571 4331; x_wconf 91' lang='lat' dir='ltr'><strong>pro</strong></span> <span class='ocrx_word' id='word_1_307' title='bbox 2596 4245 2999 4324; x_wconf 82' lang='grc' dir='ltr'><strong><em>δημαγωγεῖν</em></strong></span> <span class='ocrx_word' id='word_1_308' title='bbox 3020 4293 3038 4320; x_wconf 86' lang='grc'><em>,</em></span> 
     </span>
     <span class='ocr_line' id='line_1_35' title="bbox 656 4346 938 4418; baseline -0.018 0"><span class='ocrx_word' id='word_1_309' title='bbox 656 4346 938 4418; x_wconf 74' lang='lat' dir='ltr'><strong>similia?</strong></span> 
     </span>
    </p>

    <p class='ocr_par' dir='ltr' id='par_1_6' title="bbox 748 4453 3039 4542">
     <span class='ocr_line' id='line_1_36' title="bbox 748 4453 3039 4542; baseline -0.002 -19"><span class='ocrx_word' id='word_1_310' title='bbox 748 4455 826 4523; x_wconf 87' lang='lat' dir='ltr'><strong>Iu</strong></span> <span class='ocrx_word' id='word_1_311' title='bbox 887 4456 1297 4542; x_wconf 88' lang='lat' dir='ltr'><strong>sequentibus</strong></span> <span class='ocrx_word' id='word_1_312' title='bbox 1358 4454 1568 4522; x_wconf 87' lang='lat' dir='ltr'><strong>nescio</strong></span> <span class='ocrx_word' id='word_1_313' title='bbox 1625 4475 1706 4521; x_wconf 84' lang='lat' dir='ltr'><strong>an</strong></span> <span class='ocrx_word' id='word_1_314' title='bbox 1762 4454 2211 4542; x_wconf 81' lang='lat' dir='ltr'><strong>corrigendum</strong></span> <span class='ocrx_word' id='word_1_315' title='bbox 2274 4458 2393 4521; x_wconf 87' lang='lat' dir='ltr'><strong>sit:</strong></span> <span class='ocrx_word' id='word_1_316' title='bbox 2457 4453 2639 4534; x_wconf 77' lang='grc' dir='ltr'><strong><em>δόξαν</em></strong></span> <span class='ocrx_word' id='word_1_317' title='bbox 2702 4456 2764 4522; x_wconf 78' lang='grc' dir='ltr'><strong>δὲ</strong></span> <span class='ocrx_word' id='word_1_318' title='bbox 2824 4453 3039 4538; x_wconf 79' lang='grc' dir='ltr'><strong><em>Φύσας</em></strong></span> 
     </span>
    </p>
   </div>
  </div>
 </body>
</html>
