3436 5161
1396 408 1800 459 flsnonows.
2668 394 2796 462 165

396 570 797 657 plementum
859 579 955 638 est
1018 572 1380 640 delendum.
1463 575 1633 643 Nam
1700 577 2011 662 reperitur
2072 582 2393 662 praeterea
2455 596 2591 664 cap.
2668 577 2757 642 62
2774 628 2795 664 ,

398 684 464 743 et
508 698 702 763 supra
746 698 879 764 cap.
932 677 1019 747 36
1068 680 1405 746 scribitur:
1454 688 1609 746 τοῖσι
1656 682 1774 759 μέν
1821 707 1921 747 νυν
1967 679 2234 756 Ἕλλησι
2285 685 2505 749 καλὰ
2553 683 2790 763 ἐγίνετο

400 784 487 847 τὰ
548 784 649 865 ἱρὰ
706 784 1137 864 ἀμυνομένοισι
1200 824 1283 835 -
1334 786 1653 867 Μαρδονίῳ
1708 786 1772 853 δὲ
1823 824 1906 837 -
1957 790 2065 855 οὐκ
2113 788 2513 863 ἐπιτήδεα
2563 790 2799 867 ἐγίνετο

401 890 487 957 τὸ
533 889 669 972 lpas,
716 892 1073 973 ἀμυνομένῳ
1122 892 1186 958 δὲ
1232 893 1336 958 καὶ
1382 893 1578 975 τούτῳ
1626 918 1727 959 κα
1747 908 1788 959 λ
1807 893 1885 973 ἀ,
1937 916 2015 961 ex
2065 895 2298 980 quibus
2343 895 2556 961 verbis
2603 896 2660 961 si
2697 896 2796 961 bis

402 997 579 1064 καλά
624 1003 688 1065 et
736 998 935 1065 semel
982 999 1276 1076 ἐπιτήδεα
1324 999 1669 1085 deleveris,
1716 1000 1883 1067 nihil
1923 1002 2129 1067 deerit
2167 1003 2536 1069 sententiae.
2579 1001 2798 1068 Etiam

402 1107 613 1193 mag-is
672 1111 1040 1190 suspectum
1088 1112 1345 1191 propter
1390 1109 1526 1173 vim
1576 1108 1758 1173 verbi
1808 1115 2141 1188 προχωρεῖν
2187 1116 2284 1174 est
2329 1106 2545 1189 χρηςά
2594 1108 2657 1169 V
2706 1107 2794 1173 44

402 1218 560 1277 extr.
614 1210 823 1277 έπείτέ
869 1212 921 1275 οἱ
970 1212 1054 1276 τὰ
1104 1212 1203 1290 1ρά
1253 1214 1320 1278 οὔ
1367 1212 1715 1295 προσχῶρεε
1764 1215 2034 1294 χρηςά
2077 1214 2336 1295 θυομένῳ
2375 1212 2472 1278 ἐπὶ
2514 1214 2797 1293 Κρότωνα

402 1316 778 1403 (mamm).
842 1316 946 1385 IX
1008 1315 1095 1383 36
1158 1326 1337 1384 Τοῖσι
1383 1320 1497 1397 μέν
1546 1343 1648 1385 νυν
1690 1319 1960 1394 Ἕλλησι
2011 1322 2226 1385 καλοὶ
2275 1318 2514 1398 ἐγίνετο
2559 1319 2645 1384 τα
2691 1320 2794 1398 1ρά

402 1422 850 1502 ἀμυνομένοισι.
900 1430 965 1489 et
1012 1422 1097 1491 37
1144 1426 1289 1489 init.
1337 1425 1655 1508 Μαρδονίῳ
1704 1424 1766 1491 δὲ
1817 1426 2275 1506 προθυμεομένῳ
2309 1425 2532 1507 μάχης
2575 1423 2794 1506 ἄρχειν

401 1532 507 1595 οὐκ
573 1530 969 1607 ἐπιτήδεα
1032 1530 1269 1608 ἐγίνετο
1317 1532 1403 1597 τὰ
1449 1531 1585 1611 Ῑρά,
1635 1532 1995 1614 ἀμυνομένῳ
2047 1532 2107 1597 δὲ
2159 1533 2264 1597 καὶ
2313 1534 2508 1612 τούτῳ
2554 1531 2788 1597 καλά.

402 1635 789 1723 Scrupulum
856 1642 1071 1702 tamen
1124 1637 1309 1703 inicit
1355 1637 1532 1703 locus
1578 1638 1677 1703 IX
1727 1638 1812 1703 45
1863 1638 2052 1717 Λέγω
2103 1637 2165 1704 δὲ
2213 1634 2288 1701 ὦν
2334 1634 2424 1702 ὅτι
2472 1636 2791 1717 Μαρδονίῳ

403 1769 473 1809 τε
524 1744 627 1809 καὶ
678 1753 756 1826 τῇ
796 1754 1052 1825 στρατιῇ
1090 1745 1175 1810 τὰ
1223 1744 1485 1825 σφάγια
1530 1746 1596 1809 οὐ
1639 1744 1900 1811 δύναται
1941 1741 2420 1822 καταθύμια
2467 1743 2791 1822 γενέσθαι,

406 1850 520 1916 ubi
566 1852 963 1916 rarissimum
1013 1850 1393 1917 vocabulum
1444 1871 1634 1916 nemo
1679 1850 1996 1938 glossator
2045 1850 2380 1916 additurus
2431 1854 2585 1915 erat.

496 2066 596 2132 IX
659 2064 744 2133 62
807 2068 1048 2146 λήματι
1096 2066 1211 2143 μέν
1266 2092 1361 2133 νυν
1412 2068 1515 2133 καὶ
1568 2068 1734 2149 ρὠᾐ
1784 2070 1889 2134 οὐκ
1938 2066 2173 2140 ἕσσονες
2225 2064 2380 2142 ἦσαν
2426 2068 2477 2131 οἱ
2526 2066 2792 2151 Πέρσαι,

406 2174 659 2239 ἄνοπλοι
720 2174 783 2241 δὲ
850 2174 1047 2247 ἐόντες
1110 2174 1214 2239 καὶ
1281 2176 1425 2255 πρὸς
1490 2176 1973 2251 ἀνεπιστήμονες
2033 2171 2246 2259 [ἦσαν]
2297 2172 2398 2237 καὶ
2451 2172 2556 2237 οὐκ
2605 2173 2793 2250 ὃμοῒοι

405 2291 561 2349 τοῖσι
613 2281 929 2346 ἐναντίοισι
979 2280 1217 2365 σοφίην.
1292 2280 1517 2348 Deloto
1568 2276 1756 2360 ἦσαν,
1803 2284 2020 2345 mente
2067 2279 2494 2366 supplendum
2543 2285 2640 2345 est
2674 2274 2793 2343 ἕσ-

406 2413 530 2454 σον
549 2412 623 2461 ες
676 2384 891 2463 ἦσαν.

498 2608 597 2676 ῙΧ
650 2607 737 2674 66
784 2608 927 2673 init.
976 2606 1335 2685 λειπομένου
1381 2607 1720 2687 Μαρδονίου
1771 2607 1924 2673 ἀπὸ
1970 2605 2290 2684 βασιλέος.
2361 2605 2572 2671 Immo
2623 2608 2790 2672 ὑπὸ.

406 2717 481 2781 In
527 2717 753 2800 capitis
798 2713 923 2780 fine
967 2714 1254 2780 deleatur
1299 2722 1511 2794 τεῖχος
1558 2719 1703 2798 post
1753 2712 2048 2790 Θηβαίων
2091 2712 2262 2781 male
2307 2714 2673 2796 repetitum.

500 2936 594 3001 IX
659 2933 745 3001 67
813 2933 955 2998 init.
1019 2931 1121 2996 καὶ
1188 2933 1258 3006 δὴ
1318 2925 1475 2997 οὗτοι
1538 2933 1649 3008 μὲν
1698 2929 2026 3016 (Artabazi
2074 2929 2317 3014 copiae)
2362 2927 2563 3011 ταύτῃ
2610 2927 2790 3008 ἔτρα-

404 3065 586 3106 ποντο
643 3045 761 3105 τῶν
825 3041 886 3105 δὲ
958 3037 1227 3124 [ἄλλων]
1279 3037 1588 3110 Ἑλλήνων
1634 3043 1756 3100 τῶν
1801 3035 1972 3113 μετὰ
2022 3033 2318 3114 βασιλέος
2370 3033 2792 3102 ἐθελοκακεόν-

406 3172 523 3213 τῳν
585 3146 822 3212 Βοιωτοὶ
886 3143 1251 3217 Ἀθηναίοισι
1318 3142 1738 3223 ἐμαχέσαντο.
1828 3139 2026 3206 Nulla
2074 3148 2169 3207 est
2211 3141 2278 3204 in
2325 3140 2510 3206 libris
2563 3161 2791 3205 manu-

405 3257 659 3340 scriptis
720 3253 1107 3338 frequentior
1167 3251 1441 3316 varietas
1488 3270 1680 3333 quam
1731 3247 1912 3313 ἀλλοι
1958 3245 2260 3319 Ἕλληνες
2314 3265 2422 3330 pro
2463 3243 2789 3320 Ἕλληνες.

406 3361 533 3427 Hic
580 3365 793 3445 inepte
836 3359 1097 3424 additur
1140 3377 1287 3422 cum
1336 3357 1633 3421 Artabazi
1683 3355 1924 3420 milites
1973 3352 2203 3421 Graeci
2250 3373 2372 3418 non
2419 3359 2627 3418 essent
2681 3352 2789 3418 sed

405 3467 636 3532 Persae
654 3513 669 3542 ,
734 3485 850 3530 nec
904 3463 1489 3548 quasi-pleonastici
1552 3481 1706 3526 usus
1765 3460 2060 3526 vocabuli
2122 3459 2166 3524 a
2184 3474 2223 3524 λ
2242 3473 2370 3532 λος
2391 3506 2406 3535 ,
2475 3480 2599 3544 quo
2661 3460 2790 3526 fere

406 3571 724 3660 significat
772 3577 1121 3655 praeterea,
1188 3567 1397 3633 ullum
1445 3571 1797 3652 reperiatur
1844 3568 2012 3650 apud
2061 3574 2350 3632 nostrum
2399 3565 2793 3650 exemplum.

495 3774 598 3840 IX
656 3772 741 3839 68
803 3774 928 3839 αἰεί
987 3797 1058 3836 τε
1122 3770 1325 3857 [πρὸς]
1392 3775 1505 3835 τῶν
1554 3769 1861 3846 πολεμίων
1913 3767 2212 3848 ἄγχιστα
2256 3768 2462 3832 ἐοῦσα.
2534 3765 2791 3834 Geneti-

405 3899 525 3946 vus
572 3879 803 3966 pendet
850 3878 931 3943 ab
978 3875 1275 3957 ἀγχιστα
1293 3924 1310 3954 ,
1361 3895 1553 3961 quare
1600 3873 1855 3940 exulato
1905 3875 2300 3960 praepositio,

494 4077 591 4144 IX
658 4076 745 4144 69
798 4079 942 4142 init.
992 4077 1075 4142 02
1124 4075 1237 4153 μὲν
1285 4075 1356 4148 δὴ
1404 4075 1680 4147 νικῶντες
1733 4070 1967 4138 εἵποντο
2014 4073 2154 4144 τοὺς
2209 4069 2433 4150 Ξέρξεω
2479 4070 2790 4144 διώκοντές

407 4207 477 4248 τε
537 4185 642 4249 καὶ
706 4187 1239 4262 Φονεύοντες,
1308 4183 1365 4245 ἐν
1428 4182 1490 4246 δὲ
1553 4181 1748 4261 τούτῳ
1803 4181 1887 4258 τῷ
1935 4177 2229 4258 γινομένῳ
2277 4177 2500 4259 Φόβῳ
2549 4178 2792 4258 ἀγγέλ·

406 4305 585 4356 λεται
635 4299 791 4356 τοῖσι
837 4289 1082 4356 ἄλλοισι
1130 4286 1399 4360 Ἕλλησι
1450 4287 1579 4352 κτὲ.
1652 4286 1942 4352 Fortasse
1990 4305 2114 4351 non
2156 4291 2396 4350 temere
2435 4283 2794 4372 wesseling

407 4395 511 4464 cll.
574 4396 671 4464 VI
738 4397 868 4462 114
931 4401 995 4463 et
1058 4394 1193 4461 VII
1256 4392 1391 4460 224
1456 4414 1567 4479 pro
1615 4392 1798 4473 Φόβῳ
1848 4393 2118 4457 coniecit
2161 4391 2382 4470 πόνῳ.
2456 4389 2792 4477 Nusquam

405 4505 579 4570 enim
626 4503 796 4587 quod
832 4503 1033 4568 sciam
1070 4500 1435 4566 Herodotus
1472 4519 1647 4566 more
1688 4497 2032 4564 Homerico
2072 4495 2272 4578 φόβος
2313 4496 2390 4561 de
2415 4497 2576 4583 fuya
2611 4517 2791 4562 usur-
