3436 5161
1414 370 1812 421 memus.
2676 360 2802 427 151

424 538 655 614 παντὸς
703 538 811 607 vel
854 536 999 620 πρὸς
1046 543 1155 605 τοῦ
1200 537 1499 619 τυχόντος
1549 538 1777 624 (possis
1800 538 2015 604 otiam
2055 538 2452 621 ἐπιτυχόντος
2490 540 2572 608 ol.
2613 543 2684 609 ΙΙ
2709 544 2803 634 3),

394 650 533 715 sed
586 653 857 733 utroque
918 650 1205 711 nostrum
1267 644 1477 711 lenius
1533 642 1934 710 Valckenaer
1979 650 2087 710 τοῦ
2136 646 2440 727 ἐπιόντος,
2488 652 2564 715 cl.
2609 649 2804 737 Soph,

425 754 501 823 Ο.
545 754 627 822 R.
676 752 806 821 401
827 799 846 832 ,
897 750 1066 839 quod
1113 752 1172 817 si
1216 749 1356 819 loco
1401 748 1764 817 Herodoteo
1801 751 2160 817 confirmari
2193 757 2404 838 posset
2439 756 2803 842 reciperem.

516 976 648 1043 VII
694 974 828 1042 154
874 992 1068 1060 prope
1114 968 1222 1037 fin.
1270 972 1575 1057 recipiam
1620 992 1657 1036 e
1693 969 1755 1035 R
1789 977 1906 1036 τῶν
1943 971 2008 1039 δὲ
2046 967 2213 1037 εἶπον
2257 972 2325 1061 (1.
2368 970 2548 1063 εἶπα)
2581 978 2808 1045 πολίων

423 1081 693 1150 πατέω
712 1104 743 1147 ν
786 1081 925 1169 (pro
971 1076 1225 1165 τούτων)
1272 1077 1435 1151 πλην
1486 1075 1871 1158 Συρηκοσέων
1916 1077 2174 1155 οὐδεμία
2220 1079 2506 1162 πέφευγε
2543 1082 2614 1172 (l.
2650 1086 2810 1153 dr!-

422 1198 599 1275 φυγε
644 1209 793 1256 oum
837 1184 1073 1273 Eltzio)
1118 1182 1500 1259 δουλοσύνην.

513 1407 643 1476 VII
704 1404 835 1474 15¹7
901 1403 979 1469 σὺ
1023 1402 1089 1469 δὲ
1144 1401 1434 1484 δυνάμιός
1482 1428 1553 1469 τε
1599 1404 1730 1485 γὰρ
1779 1400 1940 1480 ἥκεις
1986 1402 2394 1485 μεγάλης.
2463 1406 2807 1496 Perpetem

422 1513 790 1584 Dietschius
838 1512 1075 1597 recepit
1119 1510 1439 1577 infelicem
1494 1510 1739 1578 Reiskii
1755 1558 1774 1589 ‚
1816 1530 2011 1596 quam
2051 1513 2292 1578 recoxit
2333 1508 2595 1581 Classen
2609 1566 2626 1601 ,
2665 1538 2809 1584 con-

421 1624 733 1691 iecturam
781 1616 1104 1700 μεγάλως.
1172 1617 1423 1698 Quanto
1461 1616 1699 1684 melius
1740 1615 2139 1684 Valckenaer
2178 1612 2372 1697 <εὖ>
2415 1618 2576 1696 ἥκεις
2601 1622 2808 1693 deleto

420 1728 807 1819 glossemate
868 1721 1193 1803 μεγάληςῐ
1282 1722 1571 1791 Scribere
1627 1729 1922 1810 potuerat
1986 1727 2180 1791 etiam
2230 1725 2516 1805 δυνάμιος
2563 1754 2636 1795 τε
2681 1732 2810 1814 γὰρ

421 1833 583 1913 ἥκεις
653 1832 787 1921 (vel
849 1830 1117 1919 ὦνηκεις)
1179 1832 1253 1904 ἐς
1309 1829 1409 1897 τὰ
1466 1829 1806 1910 μέγιςα.
1878 1830 1959 1898 of.
2019 1829 2172 1897 VIII
2220 1829 2388 1919 111,
2433 1854 2550 1901 noo
2593 1838 2807 1926 inepte

416 1941 691 2013 conicias
736 1938 897 2019 ἥκεις
949 1936 1239 2023 <zema
1265 1962 1312 2018 γ
1334 1962 1399 2003 α.

509 2158 631 2228 VII
694 2158 862 2245 158,
930 2157 973 2225 2
1036 2156 1179 2224 οὔτε
1224 2158 1376 2236 ἐμεῦ
1423 2152 1645 2223 εἵνεκεν
1692 2156 1911 2234 ἤλθετε
1955 2154 2470 2235 βωθῆσοντες
2520 2160 2661 2228 οὔτε
2707 2164 2812 2233 τὸν

422 2266 675 2349 Δωριέος
742 2263 927 2349 φόνον
992 2261 1440 2345 ἐκπρηξόμενοι.
1526 2262 1905 2332 constanter
1962 2261 2328 2330 Herodotus
2394 2266 2485 2354 (et
2543 2270 2634 2334 sic
2683 2270 2812 2337 fere

420 2376 647 2459 Attici)
712 2378 969 2460 propter
1021 2371 1201 2438 verbi
1249 2370 1772 2457 compositionem
1821 2392 1899 2437 ex
1945 2371 2066 2450 βοή
2109 2374 2175 2435 et
2222 2370 2328 2437 θέω
2377 2373 2484 2458 (cf.
2534 2373 2810 2463 βοηθόος)

417 2500 545 2547 non
601 2479 808 2545 futuri
871 2477 980 2543 sed
1026 2477 1375 2563 praesentis
1418 2478 1831 2563 perticipium
1877 2476 2145 2566 iungere
2191 2475 2354 2543 solet
2397 2497 2549 2544 cum
2596 2481 2808 2548 verbis

418 2587 613 2656 eundi
675 2591 741 2652 et
800 2587 1211 2671 praesentiae.
1282 2580 1345 2647 V
1405 2579 1493 2647 86
1515 2628 1534 2661 ,
1583 2580 1624 2648 5
1672 2590 1956 2665 παρεῖναι
2004 2583 2374 2663 βωθέοντας.
2448 2582 2544 2650 VI
2592 2585 2718 2673 20,
2768 2589 2805 2655 1

420 2691 871 2774 παραγίνονται
931 2690 1280 2770 βωθέοντες.
1370 2686 1453 2755 VI
1516 2687 1641 2768 23,
1701 2688 1744 2753 4
1791 2687 1893 2768 ἧκε
1944 2689 2204 2768 βαθέων.
2275 2689 2368 2756 VI
2413 2689 2503 2756 88
2549 2713 2649 2778 pr.
2697 2691 2804 2760 fin.

423 2799 585 2878 ἥκειν
644 2797 1007 2877 βωθέοντας.
1088 2795 1177 2862 VI
1234 2792 1365 2860 108
1388 2842 1405 2874 ,
1481 2794 1516 2860 1
1591 2795 1848 2873 ἐπῆλθον
1912 2794 2275 2883 βωθέοντες,
2345 2797 2588 2864 ibidem
2659 2800 2696 2884 ξ
2767 2799 2807 2866 7

422 2903 559 2983 ἧκον
592 2941 657 2953 -
692 2901 1044 2983 βωθὲοντες.
1115 2899 1235 2968 VII
1281 2898 1417 2966 198
1463 2907 1623 2968 extr.
1673 2901 1776 2966 τὸν
1823 2900 2135 2980 βωθέοντα
2179 2904 2266 2986 τῷ
2303 2905 2602 2986 Ἡρακλέϊ
2636 2929 2810 2972 καιο-

418 3011 578 3092 μένῳ
640 3011 825 3088 λόγος
885 3007 976 3076 ἔςὶ
1041 3008 1459 3091 ἀναφανῆναι.
1546 3007 1761 3074 Facile
1822 3013 2038 3074 autem
2101 3015 2314 3077 nostro
2358 3009 2498 3078 looo
2543 3032 2810 3099 sequens

418 3119 623 3184 futuri
666 3114 1079 3202 participium
1124 3112 1419 3179 librarios
1463 3115 1673 3200 potuit
1708 3113 2008 3179 inducere
2056 3117 2122 3180 in
2163 3135 2459 3181 errorem.
2524 3115 2810 3206 Legatur

421 3225 625 3312 igitur
684 3221 903 3298 ἤλθετε
962 3217 1431 3298 svesona.
1483 3257 1566 3268 —
1612 3218 1771 3287 Post
1802 3240 2009 3307 pauca
2045 3241 2124 3286 ne
2161 3222 2306 3307 quis
2340 3223 2408 3286 in
2448 3222 2659 3290 verbis
2704 3223 2806 3290 ἐπὶ

421 3327 491 3394 τὸ
555 3325 800 3405 ἄμεινον
862 3325 1171 3400 aea-rien
1243 3327 1515 3392 coniciet
1573 3324 1808 3405 μετέςη
1875 3325 1982 3413 (ol.
2043 3325 2074 3392 I
2139 3325 2267 3392 118
2330 3335 2443 3404 τῆς
2489 3327 2692 3412 τύχης
2739 3327 2808 3398 εὖ

418 3433 834 3520 μετεςεώσης)
878 3433 1179 3519 inspiciat
1221 3430 1395 3526 locos
1442 3429 1531 3497 VI
1581 3430 1732 3498 105.
1785 3430 1914 3501 158
1963 3438 2027 3500 at
2073 3430 2194 3498 VII
2244 3430 2396 3500 132.

510 3651 639 3718 VII
699 3650 831 3717 163
888 3649 1127 3727 ταύτην
1182 3651 1295 3729 μὲν
1342 3649 1453 3725 την
1502 3647 1635 3715 ὁδὸν
1678 3649 2083 3731 ἠμέλησε,
2132 3651 2162 3717 ὃ
2211 3651 2274 3720 δὲ
2321 3651 2524 3733 ἄλλης
2573 3655 2806 3738 εἴχετο.

416 3759 762 3826 Barbarum
810 3759 1004 3823 huius
1049 3756 1176 3824 loci
1220 3762 1604 3824 structuram
1626 3807 1644 3842 ,
1694 3758 1764 3822 in
1802 3777 1926 3843 quo
1971 3778 2050 3823 ne
2094 3759 2277 3827 verbi
2321 3760 2581 3846 quidem
2629 3767 2806 3832 notio

418 3871 567 3952 apta
626 3871 723 3931 est
738 3912 755 3943 ‚
817 3865 1154 3931 emendavi
1212 3867 1279 3929 in
1343 3884 1485 3930 mea
1549 3862 1726 3929 Ionis
1786 3861 2116 3949 Euripidei
2159 3865 2436 3932 editione
2454 3917 2472 3952 ,
2520 3889 2670 3958 pag.
2719 3868 2807 3936 34

418 3993 531 4059 pro
589 3973 975 4060 glossemate
1036 3973 1427 4038 substituens
1484 3973 1834 4059 genuinam
1891 3991 2114 4041 vocem
2161 3998 2212 4050 μ
2230 3997 2261 4037 ε
2278 3981 2368 4049 τῆ
2385 3995 2422 4038 κ
2438 3998 2469 4040 ε
2487 4024 2506 4060 ,
2555 3973 2806 4044 collatis

416 4077 647 4167 glossis
706 4076 1021 4166 Hesychii
1082 4077 1633 4156 μεθημοσύνη·
1694 4077 1990 4154 ἀμέλεια.
2052 4079 2474 4158 μεθήμων·
2534 4082 2804 4160 ἀμελής.

417 4207 468 4263 μ
485 4209 514 4249 ε
534 4186 614 4269 θῇ
638 4208 711 4258 ς·
778 4184 1121 4266 ἀμελήσῃς.
1210 4183 1589 4250 Emendatio
1656 4204 1801 4250 mea
1859 4183 2124 4251 latuisse
2187 4185 2443 4254 videtur
2487 4185 2806 4257 Cobetum

364 4327 369 4332 ·
417 4290 555 4356 Mn.
602 4289 730 4357 XII
776 4311 838 4376 p.
887 4287 1045 4355 261.

506 4478 643 4545 VII
694 4477 823 4545 165
871 4484 1016 4566 post
1062 4479 1232 4548 mad.
1285 4479 1339 4568 [ὃ
1388 4481 1747 4568 Τήριλλος]
