<?xml version="1.0" encoding="UTF-8"?>
<!DOCTYPE html PUBLIC "-//W3C//DTD XHTML 1.0 Transitional//EN"
    "http://www.w3.org/TR/xhtml1/DTD/xhtml1-transitional.dtd">
<html xmlns="http://www.w3.org/1999/xhtml" xml:lang="en" lang="en">
 <head>
  <title>
</title>
<meta http-equiv="Content-Type" content="text/html;charset=utf-8" />
  <meta name='ocr-system' content='tesseract 3.04.00' />
  <meta name='ocr-capabilities' content='ocr_page ocr_carea ocr_par ocr_line ocrx_word'/>
</head>
<body>
  <div class='ocr_page' id='page_1' title='image "./mnemosynevolume00verdgoog_0073.png"; bbox 0 0 3436 5161; ppageno 0'>
   <div class='ocr_carea' id='block_1_1' title="bbox 1414 345 2809 416">
    <p class='ocr_par' dir='ltr' id='par_1_1' title="bbox 1414 345 2809 416">
     <span class='ocr_line' id='line_1_1' title="bbox 1414 345 2809 416; baseline -0.003 -2"><span class='ocrx_word' id='word_1_1' title='bbox 1414 364 1814 416; x_wconf 73' lang='lat' dir='ltr'><strong>mnonorus.</strong></span> <span class='ocrx_word' id='word_1_2' title='bbox 2722 345 2809 410; x_wconf 83' lang='lat'><strong>65</strong></span> 
     </span>
    </p>
   </div>
   <div class='ocr_carea' id='block_1_2' title="bbox 423 527 2812 1042">
    <p class='ocr_par' dir='ltr' id='par_1_2' title="bbox 423 527 2812 1042">
     <span class='ocr_line' id='line_1_2' title="bbox 515 527 2807 614; baseline -0 -20"><span class='ocrx_word' id='word_1_3' title='bbox 515 527 662 594; x_wconf 87' lang='lat' dir='ltr'><strong>Non</strong></span> <span class='ocrx_word' id='word_1_4' title='bbox 723 528 1063 594; x_wconf 81' lang='lat' dir='ltr'><strong>admodum</strong></span> <span class='ocrx_word' id='word_1_5' title='bbox 1131 529 1442 595; x_wconf 76' lang='lat' dir='ltr'>dissimile</span> <span class='ocrx_word' id='word_1_6' title='bbox 1489 531 1845 596; x_wconf 89' lang='lat' dir='ltr'><strong>remedium</strong></span> <span class='ocrx_word' id='word_1_7' title='bbox 1896 534 1995 596; x_wconf 89' lang='lat' dir='ltr'><strong>est</strong></span> <span class='ocrx_word' id='word_1_8' title='bbox 2042 550 2163 614; x_wconf 85' lang='lat' dir='ltr'><strong>quo</strong></span> <span class='ocrx_word' id='word_1_9' title='bbox 2216 535 2357 594; x_wconf 88' lang='lat' dir='ltr'><strong>utar</strong></span> <span class='ocrx_word' id='word_1_10' title='bbox 2404 528 2495 594; x_wconf 86' lang='grc' dir='ltr'><strong>ΙΙΙ</strong></span> <span class='ocrx_word' id='word_1_11' title='bbox 2544 529 2660 593; x_wconf 77' lang='lat'><strong>71:</strong></span> <span class='ocrx_word' id='word_1_12' title='bbox 2718 531 2807 596; x_wconf 77' lang='grc' dir='ltr'><strong>ἴςε</strong></span> 
     </span>
     <span class='ocr_line' id='line_1_3' title="bbox 428 631 2810 716; baseline 0 -18"><span class='ocrx_word' id='word_1_13' title='bbox 428 634 570 712; x_wconf 76' lang='grc' dir='ltr'><strong>ὑμῖν</strong></span> <span class='ocrx_word' id='word_1_14' title='bbox 633 631 723 700; x_wconf 74' lang='grc' dir='ltr'><strong>ὅτι</strong></span> <span class='ocrx_word' id='word_1_15' title='bbox 782 637 852 711; x_wconf 79' lang='grc' dir='ltr'><strong>ἣν</strong></span> <span class='ocrx_word' id='word_1_16' title='bbox 915 637 1330 716; x_wconf 65' lang='grc' dir='ltr'><strong><em>ὑπερπέσῃ</em></strong></span> <span class='ocrx_word' id='word_1_17' title='bbox 1395 640 1428 713; x_wconf 78' lang='grc' dir='ltr'><em>ἡ</em></span> <span class='ocrx_word' id='word_1_18' title='bbox 1497 641 1594 701; x_wconf 83' lang='grc' dir='ltr'><strong>νῦν</strong></span> <span class='ocrx_word' id='word_1_19' title='bbox 1644 636 1872 716; x_wconf 77' lang='grc' dir='ltr'><strong><em>ἡμέρη,</em></strong></span> <span class='ocrx_word' id='word_1_20' title='bbox 1918 641 1995 709; x_wconf 80' lang='grc' dir='ltr'><strong>ὥς</strong></span> <span class='ocrx_word' id='word_1_21' title='bbox 2046 638 2151 702; x_wconf 78' lang='grc' dir='ltr'><strong>οὐκ</strong></span> <span class='ocrx_word' id='word_1_22' title='bbox 2200 634 2391 709; x_wconf 79' lang='grc' dir='ltr'><strong><em>ἄλλος</em></strong></span> <span class='ocrx_word' id='word_1_23' title='bbox 2440 636 2607 716; x_wconf 59' lang='lat' dir='ltr'><strong>(poelt,-</strong></span> <span class='ocrx_word' id='word_1_24' title='bbox 2659 636 2810 714; x_wconf 77' lang='grc' dir='ltr'><strong>ἐμεῦ</strong></span> 
     </span>
     <span class='ocr_line' id='line_1_4' title="bbox 426 741 2808 830; baseline 0 -25"><span class='ocrx_word' id='word_1_25' title='bbox 426 741 760 820; x_wconf 69' lang='grc' dir='ltr'><strong><em>κατήγορος</em></strong></span> <span class='ocrx_word' id='word_1_26' title='bbox 825 741 980 809; x_wconf 50' lang='lat' dir='ltr'><strong>icat.</strong></span> <span class='ocrx_word' id='word_1_27' title='bbox 1057 742 1265 808; x_wconf 89' lang='lat' dir='ltr'><strong>Nemo</strong></span> <span class='ocrx_word' id='word_1_28' title='bbox 1313 743 1481 808; x_wconf 83' lang='lat' dir='ltr'><strong>dicet</strong></span> <span class='ocrx_word' id='word_1_29' title='bbox 1527 743 1679 828; x_wconf 89' lang='lat' dir='ltr'><strong>quid</strong></span> <span class='ocrx_word' id='word_1_30' title='bbox 1730 741 2045 830; x_wconf 88' lang='lat' dir='ltr'><strong>significet</strong></span> <span class='ocrx_word' id='word_1_31' title='bbox 2094 746 2126 817; x_wconf 73' lang='grc' dir='ltr'><em>ἦ</em></span> <span class='ocrx_word' id='word_1_32' title='bbox 2179 743 2367 821; x_wconf 71' lang='grc' dir='ltr'><strong><em>ἡμέρη</em></strong></span> <span class='ocrx_word' id='word_1_33' title='bbox 2417 743 2808 822; x_wconf 73' lang='grc' dir='ltr'><strong><em>ὑπερπίπτει.</em></strong></span> 
     </span>
     <span class='ocr_line' id='line_1_5' title="bbox 423 845 2812 932; baseline 0.001 -21"><span class='ocrx_word' id='word_1_34' title='bbox 423 845 784 913; x_wconf 79' lang='lat' dir='ltr'><strong>Sententiae</strong></span> <span class='ocrx_word' id='word_1_35' title='bbox 830 851 1072 932; x_wconf 90' lang='lat' dir='ltr'><strong>optime</strong></span> <span class='ocrx_word' id='word_1_36' title='bbox 1119 852 1415 915; x_wconf 85' lang='lat' dir='ltr'><strong>convenit</strong></span> <span class='ocrx_word' id='word_1_37' title='bbox 1462 848 1530 925; x_wconf 79' lang='grc' dir='ltr'><strong>ἢν</strong></span> <span class='ocrx_word' id='word_1_38' title='bbox 1582 850 2036 927; x_wconf 79' lang='grc' dir='ltr'><strong><em>ὑπέσπερος</em></strong></span> <span class='ocrx_word' id='word_1_39' title='bbox 2078 845 2113 930; x_wconf 70' lang='grc' dir='ltr'><strong><em>ᾖ</em></strong></span> <span class='ocrx_word' id='word_1_40' title='bbox 2152 852 2187 926; x_wconf 74' lang='grc' dir='ltr'><strong><em>ἦ</em></strong></span> <span class='ocrx_word' id='word_1_41' title='bbox 2229 855 2329 915; x_wconf 80' lang='grc' dir='ltr'><strong>νῦν</strong></span> <span class='ocrx_word' id='word_1_42' title='bbox 2368 849 2577 932; x_wconf 70' lang='grc' dir='ltr'><strong><em>ἡμέρη.</em></strong></span> <span class='ocrx_word' id='word_1_43' title='bbox 2620 848 2812 916; x_wconf 83' lang='lat' dir='ltr'><strong>Secu·</strong></span> 
     </span>
     <span class='ocr_line' id='line_1_6' title="bbox 423 953 2809 1042; baseline 0.001 -24"><span class='ocrx_word' id='word_1_44' title='bbox 423 957 532 1019; x_wconf 85' lang='lat' dir='ltr'><strong>tus</strong></span> <span class='ocrx_word' id='word_1_45' title='bbox 577 958 672 1020; x_wconf 87' lang='lat' dir='ltr'><strong>est</strong></span> <span class='ocrx_word' id='word_1_46' title='bbox 717 956 988 1039; x_wconf 76' lang='lat' dir='ltr'>scriptor</span> <span class='ocrx_word' id='word_1_47' title='bbox 1032 954 1297 1020; x_wconf 88' lang='lat' dir='ltr'><strong>eandem</strong></span> <span class='ocrx_word' id='word_1_48' title='bbox 1345 953 1708 1042; x_wconf 75' lang='lat' dir='ltr'><strong>analogiam</strong></span> <span class='ocrx_word' id='word_1_49' title='bbox 1750 976 1909 1040; x_wconf 87' lang='lat' dir='ltr'><strong>quae</strong></span> <span class='ocrx_word' id='word_1_50' title='bbox 1949 960 2045 1021; x_wconf 86' lang='lat' dir='ltr'><strong>est</strong></span> <span class='ocrx_word' id='word_1_51' title='bbox 2081 959 2150 1021; x_wconf 90' lang='lat' dir='ltr'><strong>in</strong></span> <span class='ocrx_word' id='word_1_52' title='bbox 2194 957 2504 1042; x_wconf 83' lang='lat' dir='ltr'><strong>adjectivo</strong></span> <span class='ocrx_word' id='word_1_53' title='bbox 2546 957 2809 1030; x_wconf 80' lang='grc' dir='ltr'><strong>ὑπηοῒος.</strong></span> 
     </span>
    </p>
   </div>
   <div class='ocr_carea' id='block_1_3' title="bbox 423 1165 2813 4627">
    <p class='ocr_par' dir='ltr' id='par_1_3' title="bbox 423 1165 2813 4543">
     <span class='ocr_line' id='line_1_7' title="bbox 518 1165 2810 1255; baseline 0 -23"><span class='ocrx_word' id='word_1_54' title='bbox 518 1165 700 1250; x_wconf 78' lang='lat' dir='ltr'><strong>Quod</strong></span> <span class='ocrx_word' id='word_1_55' title='bbox 761 1167 1004 1255; x_wconf 88' lang='lat' dir='ltr'><strong>legitur</strong></span> <span class='ocrx_word' id='word_1_56' title='bbox 1057 1168 1161 1234; x_wconf 84' lang='lat'><strong>111</strong></span> <span class='ocrx_word' id='word_1_57' title='bbox 1228 1167 1348 1236; x_wconf 86' lang='lat'><strong>74:</strong></span> <span class='ocrx_word' id='word_1_58' title='bbox 1417 1169 1887 1248; x_wconf 75' lang='grc' dir='ltr'><strong><em>ὑπισχνεύμενοι</em></strong></span> <span class='ocrx_word' id='word_1_59' title='bbox 1950 1169 2165 1234; x_wconf 68' lang='grc' dir='ltr'><strong><em>πάντα</em></strong></span> <span class='ocrx_word' id='word_1_60' title='bbox 2227 1170 2277 1234; x_wconf 77' lang='grc' dir='ltr'><strong>οἱ</strong></span> <span class='ocrx_word' id='word_1_61' title='bbox 2326 1170 2517 1248; x_wconf 71' lang='grc' dir='ltr'><strong><em>μυρία</em></strong></span> <span class='ocrx_word' id='word_1_62' title='bbox 2566 1167 2810 1248; x_wconf 74' lang='grc' dir='ltr'><strong><em>δώσειν,</em></strong></span> 
     </span>
     <span class='ocr_line' id='line_1_8' title="bbox 423 1274 2813 1359; baseline 0 -21"><span class='ocrx_word' id='word_1_63' title='bbox 423 1274 545 1340; x_wconf 89' lang='lat' dir='ltr'><strong>hoc</strong></span> <span class='ocrx_word' id='word_1_64' title='bbox 578 1275 731 1359; x_wconf 88' lang='lat' dir='ltr'><strong>quid</strong></span> <span class='ocrx_word' id='word_1_65' title='bbox 769 1276 856 1340; x_wconf 90' lang='lat' dir='ltr'><strong>sit</strong></span> <span class='ocrx_word' id='word_1_66' title='bbox 894 1295 930 1340; x_wconf 89' lang='lat' dir='ltr'><strong>e</strong></span> <span class='ocrx_word' id='word_1_67' title='bbox 971 1274 1327 1340; x_wconf 88' lang='lat' dir='ltr'><strong>multorum</strong></span> <span class='ocrx_word' id='word_1_68' title='bbox 1366 1275 1650 1342; x_wconf 90' lang='lat' dir='ltr'><strong>locorum</strong></span> <span class='ocrx_word' id='word_1_69' title='bbox 1693 1275 2030 1342; x_wconf 89' lang='lat' dir='ltr'><strong>collatione</strong></span> <span class='ocrx_word' id='word_1_70' title='bbox 2068 1277 2225 1342; x_wconf 86' lang='lat' dir='ltr'><strong>satis</strong></span> <span class='ocrx_word' id='word_1_71' title='bbox 2262 1275 2607 1341; x_wconf 80' lang='lat' dir='ltr'><strong>ostendisse</strong></span> <span class='ocrx_word' id='word_1_72' title='bbox 2648 1274 2813 1340; x_wconf 90' lang='lat' dir='ltr'><strong>mihi</strong></span> 
     </span>
     <span class='ocr_line' id='line_1_9' title="bbox 424 1379 2809 1469; baseline -0.001 -21"><span class='ocrx_word' id='word_1_73' title='bbox 424 1379 646 1448; x_wconf 81' lang='lat' dir='ltr'><strong>videor</strong></span> <span class='ocrx_word' id='word_1_74' title='bbox 691 1379 770 1445; x_wconf 90' lang='lat' dir='ltr'><strong>ad</strong></span> <span class='ocrx_word' id='word_1_75' title='bbox 818 1380 1100 1466; x_wconf 82' lang='lat' dir='ltr'><strong>Ephippi</strong></span> <span class='ocrx_word' id='word_1_76' title='bbox 1145 1383 1376 1447; x_wconf 89' lang='lat' dir='ltr'><strong>comici</strong></span> <span class='ocrx_word' id='word_1_77' title='bbox 1420 1383 1856 1469; x_wconf 78' lang='lat' dir='ltr'><strong>fragmentum</strong></span> <span class='ocrx_word' id='word_1_78' title='bbox 1908 1383 2131 1450; x_wconf 75' lang='lat' dir='ltr'><strong>Muem,</strong></span> <span class='ocrx_word' id='word_1_79' title='bbox 2180 1381 2338 1447; x_wconf 88' lang='lat' dir='ltr'><strong>XIX</strong></span> <span class='ocrx_word' id='word_1_80' title='bbox 2385 1379 2542 1447; x_wconf 83' lang='lat'><strong>250.</strong></span> <span class='ocrx_word' id='word_1_81' title='bbox 2617 1382 2809 1459; x_wconf 90' lang='lat' dir='ltr'><strong>Post,</strong></span> 
     </span>
     <span class='ocr_line' id='line_1_10' title="bbox 425 1484 2811 1573; baseline 0 -21"><span class='ocrx_word' id='word_1_82' title='bbox 425 1488 523 1552; x_wconf 90' lang='lat' dir='ltr'><strong>uti</strong></span> <span class='ocrx_word' id='word_1_83' title='bbox 570 1484 677 1563; x_wconf 87' lang='lat' dir='ltr'><strong>fit,</strong></span> <span class='ocrx_word' id='word_1_84' title='bbox 727 1488 922 1551; x_wconf 89' lang='lat' dir='ltr'><strong>etiam</strong></span> <span class='ocrx_word' id='word_1_85' title='bbox 971 1487 1082 1551; x_wconf 87' lang='lat' dir='ltr'><strong>alii</strong></span> <span class='ocrx_word' id='word_1_86' title='bbox 1128 1486 1251 1553; x_wconf 91' lang='lat' dir='ltr'><strong>loci</strong></span> <span class='ocrx_word' id='word_1_87' title='bbox 1301 1508 1434 1553; x_wconf 88' lang='lat' dir='ltr'><strong>sese</strong></span> <span class='ocrx_word' id='word_1_88' title='bbox 1471 1489 1636 1552; x_wconf 90' lang='lat' dir='ltr'><strong>mihi</strong></span> <span class='ocrx_word' id='word_1_89' title='bbox 1676 1488 2066 1560; x_wconf 85' lang='lat' dir='ltr'><strong>obtulerunt.</strong></span> <span class='ocrx_word' id='word_1_90' title='bbox 2111 1486 2359 1568; x_wconf 79' lang='lat' dir='ltr'><strong>Quanto</strong></span> <span class='ocrx_word' id='word_1_91' title='bbox 2399 1509 2584 1573; x_wconf 90' lang='lat' dir='ltr'><strong>opere</strong></span> <span class='ocrx_word' id='word_1_92' title='bbox 2611 1486 2811 1553; x_wconf 87' lang='lat' dir='ltr'><strong>delec-</strong></span> 
     </span>
     <span class='ocr_line' id='line_1_11' title="bbox 425 1596 2813 1681; baseline 0 -23"><span class='ocrx_word' id='word_1_93' title='bbox 425 1597 712 1658; x_wconf 89' lang='lat' dir='ltr'><strong>tarentur</strong></span> <span class='ocrx_word' id='word_1_94' title='bbox 771 1599 1015 1658; x_wconf 80' lang='lat' dir='ltr'><strong>veteres</strong></span> <span class='ocrx_word' id='word_1_95' title='bbox 1075 1614 1151 1659; x_wconf 88' lang='lat' dir='ltr'><strong>ea</strong></span> <span class='ocrx_word' id='word_1_96' title='bbox 1214 1596 1506 1659; x_wconf 88' lang='lat' dir='ltr'><strong>omnium</strong></span> <span class='ocrx_word' id='word_1_97' title='bbox 1552 1615 1967 1660; x_wconf 87' lang='lat' dir='ltr'><strong>numerorum</strong></span> <span class='ocrx_word' id='word_1_98' title='bbox 2015 1597 2287 1681; x_wconf 89' lang='lat' dir='ltr'><strong>paritate</strong></span> <span class='ocrx_word' id='word_1_99' title='bbox 2307 1642 2324 1672; x_wconf 88' lang='lat'><strong>,</strong></span> <span class='ocrx_word' id='word_1_100' title='bbox 2376 1596 2662 1680; x_wconf 88' lang='lat' dir='ltr'><strong>primum</strong></span> <span class='ocrx_word' id='word_1_101' title='bbox 2711 1614 2813 1659; x_wconf 91' lang='lat' dir='ltr'><strong>co·</strong></span> 
     </span>
     <span class='ocr_line' id='line_1_12' title="bbox 425 1697 2812 1788; baseline 0 -24"><span class='ocrx_word' id='word_1_102' title='bbox 425 1703 692 1786; x_wconf 75' lang='lat' dir='ltr'><strong>gnoscat</strong></span> <span class='ocrx_word' id='word_1_103' title='bbox 737 1700 902 1763; x_wconf 89' lang='lat' dir='ltr'><strong>mihi</strong></span> <span class='ocrx_word' id='word_1_104' title='bbox 948 1702 1092 1784; x_wconf 89' lang='lat' dir='ltr'><strong>quis</strong></span> <span class='ocrx_word' id='word_1_105' title='bbox 1137 1719 1215 1764; x_wconf 81' lang='lat' dir='ltr'><strong>ex</strong></span> <span class='ocrx_word' id='word_1_106' title='bbox 1254 1699 1626 1787; x_wconf 87' lang='lat' dir='ltr'><strong>Lampridio</strong></span> <span class='ocrx_word' id='word_1_107' title='bbox 1663 1703 1731 1766; x_wconf 91' lang='lat' dir='ltr'><strong>in</strong></span> <span class='ocrx_word' id='word_1_108' title='bbox 1774 1700 1931 1767; x_wconf 90' lang='lat' dir='ltr'><strong>Vita</strong></span> <span class='ocrx_word' id='word_1_109' title='bbox 1972 1698 2385 1788; x_wconf 76' lang='lat' dir='ltr'><strong>Heliogabali</strong></span> <span class='ocrx_word' id='word_1_110' title='bbox 2426 1721 2479 1766; x_wconf 92' lang='lat' dir='ltr'><strong>c.</strong></span> <span class='ocrx_word' id='word_1_111' title='bbox 2506 1698 2630 1765; x_wconf 79' lang='lat'><strong>22:</strong></span> <span class='ocrx_word' id='word_1_112' title='bbox 2672 1697 2812 1765; x_wconf 81' lang='lat' dir='ltr'><strong>Sor-</strong></span> 
     </span>
     <span class='ocr_line' id='line_1_13' title="bbox 427 1804 2811 1891; baseline 0 -21"><span class='ocrx_word' id='word_1_113' title='bbox 427 1809 524 1871; x_wconf 87' lang='lat' dir='ltr'><strong>tes</strong></span> <span class='ocrx_word' id='word_1_114' title='bbox 561 1825 708 1870; x_wconf 89' lang='lat' dir='ltr'><strong>sane</strong></span> <span class='ocrx_word' id='word_1_115' title='bbox 753 1804 1116 1871; x_wconf 86' lang='lat' dir='ltr'><strong>convivales</strong></span> <span class='ocrx_word' id='word_1_116' title='bbox 1163 1808 1431 1891; x_wconf 87' lang='lat' dir='ltr'><strong>scriptas</strong></span> <span class='ocrx_word' id='word_1_117' title='bbox 1475 1809 1545 1870; x_wconf 90' lang='lat' dir='ltr'><strong>in</strong></span> <span class='ocrx_word' id='word_1_118' title='bbox 1588 1805 2017 1873; x_wconf 85' lang='lat' dir='ltr'><strong>cochlearibus</strong></span> <span class='ocrx_word' id='word_1_119' title='bbox 2051 1807 2280 1872; x_wconf 88' lang='lat' dir='ltr'><strong>habuit</strong></span> <span class='ocrx_word' id='word_1_120' title='bbox 2319 1805 2481 1872; x_wconf 89' lang='lat' dir='ltr'><strong>tales</strong></span> <span class='ocrx_word' id='word_1_121' title='bbox 2502 1853 2517 1883; x_wconf 88' lang='lat'><strong>,</strong></span> <span class='ocrx_word' id='word_1_122' title='bbox 2542 1810 2621 1870; x_wconf 89' lang='lat' dir='ltr'><strong>ut</strong></span> <span class='ocrx_word' id='word_1_123' title='bbox 2644 1805 2811 1870; x_wconf 86' lang='lat' dir='ltr'><strong>alius</strong></span> 
     </span>
     <span class='ocr_line' id='line_1_14' title="bbox 427 1910 2813 1990; baseline 0.001 -15"><span class='ocrx_word' id='word_1_124' title='bbox 427 1913 654 1976; x_wconf 81' lang='lat' dir='ltr'><strong>exierit</strong></span> <span class='ocrx_word' id='word_1_125' title='bbox 701 1910 917 1976; x_wconf 88' lang='lat' dir='ltr'><strong>decem</strong></span> <span class='ocrx_word' id='word_1_126' title='bbox 968 1911 1273 1989; x_wconf 86' lang='lat' dir='ltr'><strong>camelos,</strong></span> <span class='ocrx_word' id='word_1_127' title='bbox 1324 1912 1489 1978; x_wconf 86' lang='lat' dir='ltr'><strong>alius</strong></span> <span class='ocrx_word' id='word_1_128' title='bbox 1537 1912 1756 1978; x_wconf 89' lang='lat' dir='ltr'><strong>decem</strong></span> <span class='ocrx_word' id='word_1_129' title='bbox 1800 1933 2051 1978; x_wconf 88' lang='lat' dir='ltr'><strong>muscas</strong></span> <span class='ocrx_word' id='word_1_130' title='bbox 2070 1960 2086 1990; x_wconf 90' lang='lat'>‚</span> <span class='ocrx_word' id='word_1_131' title='bbox 2147 1911 2312 1978; x_wconf 86' lang='lat' dir='ltr'><strong>alius</strong></span> <span class='ocrx_word' id='word_1_132' title='bbox 2360 1912 2574 1977; x_wconf 87' lang='lat' dir='ltr'><strong>decem</strong></span> <span class='ocrx_word' id='word_1_133' title='bbox 2616 1911 2813 1977; x_wconf 89' lang='lat' dir='ltr'><strong>libras</strong></span> 
     </span>
     <span class='ocr_line' id='line_1_15' title="bbox 425 2016 2809 2103; baseline 0 -21"><span class='ocrx_word' id='word_1_134' title='bbox 425 2020 602 2101; x_wconf 87' lang='lat' dir='ltr'><strong>auri,</strong></span> <span class='ocrx_word' id='word_1_135' title='bbox 652 2016 818 2083; x_wconf 88' lang='lat' dir='ltr'><strong>alius</strong></span> <span class='ocrx_word' id='word_1_136' title='bbox 865 2016 1078 2083; x_wconf 89' lang='lat' dir='ltr'><strong>decem</strong></span> <span class='ocrx_word' id='word_1_137' title='bbox 1125 2019 1413 2103; x_wconf 86' lang='lat' dir='ltr'><strong>plumbi,</strong></span> <span class='ocrx_word' id='word_1_138' title='bbox 1465 2017 1629 2084; x_wconf 88' lang='lat' dir='ltr'><strong>alius</strong></span> <span class='ocrx_word' id='word_1_139' title='bbox 1664 2020 1881 2085; x_wconf 90' lang='lat' dir='ltr'><strong>decem</strong></span> <span class='ocrx_word' id='word_1_140' title='bbox 1924 2019 2347 2096; x_wconf 75' lang='lat' dir='ltr'><strong>struthiones,</strong></span> <span class='ocrx_word' id='word_1_141' title='bbox 2386 2018 2552 2084; x_wconf 88' lang='lat' dir='ltr'><strong>alius</strong></span> <span class='ocrx_word' id='word_1_142' title='bbox 2592 2019 2809 2084; x_wconf 85' lang='lat' dir='ltr'><strong>decem</strong></span> 
     </span>
     <span class='ocr_line' id='line_1_16' title="bbox 425 2123 2812 2209; baseline -0.001 -19"><span class='ocrx_word' id='word_1_143' title='bbox 425 2143 544 2190; x_wconf 83' lang='lat' dir='ltr'><strong>ova</strong></span> <span class='ocrx_word' id='word_1_144' title='bbox 607 2123 889 2208; x_wconf 87' lang='lat' dir='ltr'><strong>pullina,</strong></span> <span class='ocrx_word' id='word_1_145' title='bbox 953 2133 1028 2188; x_wconf 91' lang='lat' dir='ltr'><strong>ut</strong></span> <span class='ocrx_word' id='word_1_146' title='bbox 1089 2144 1236 2190; x_wconf 82' lang='lat' dir='ltr'><strong>vere</strong></span> <span class='ocrx_word' id='word_1_147' title='bbox 1297 2131 1496 2190; x_wconf 85' lang='lat' dir='ltr'><strong>sortes</strong></span> <span class='ocrx_word' id='word_1_148' title='bbox 1561 2131 1768 2190; x_wconf 90' lang='lat' dir='ltr'><strong>essent</strong></span> <span class='ocrx_word' id='word_1_149' title='bbox 1829 2135 1893 2194; x_wconf 90' lang='lat' dir='ltr'><strong>et</strong></span> <span class='ocrx_word' id='word_1_150' title='bbox 1956 2125 2087 2191; x_wconf 85' lang='lat' dir='ltr'><strong>fata</strong></span> <span class='ocrx_word' id='word_1_151' title='bbox 2149 2131 2579 2190; x_wconf 80' lang='lat' dir='ltr'><strong>tentarentur:</strong></span> <span class='ocrx_word' id='word_1_152' title='bbox 2643 2123 2812 2209; x_wconf 89' lang='lat' dir='ltr'><strong>quod</strong></span> 
     </span>
     <span class='ocr_line' id='line_1_17' title="bbox 425 2230 2810 2315; baseline 0 -22"><span class='ocrx_word' id='word_1_153' title='bbox 425 2230 686 2314; x_wconf 89' lang='lat' dir='ltr'><strong>quidem</strong></span> <span class='ocrx_word' id='word_1_154' title='bbox 750 2236 815 2295; x_wconf 91' lang='lat' dir='ltr'><strong>et</strong></span> <span class='ocrx_word' id='word_1_155' title='bbox 877 2230 1048 2294; x_wconf 88' lang='lat' dir='ltr'><strong>ludis</strong></span> <span class='ocrx_word' id='word_1_156' title='bbox 1111 2233 1244 2294; x_wconf 89' lang='lat' dir='ltr'><strong>suis</strong></span> <span class='ocrx_word' id='word_1_157' title='bbox 1303 2232 1633 2315; x_wconf 82' lang='lat' dir='ltr'><strong>exhibuit,</strong></span> <span class='ocrx_word' id='word_1_158' title='bbox 1680 2253 1826 2296; x_wconf 88' lang='lat' dir='ltr'><strong>cum</strong></span> <span class='ocrx_word' id='word_1_159' title='bbox 1881 2237 1944 2296; x_wconf 87' lang='lat' dir='ltr'><strong>et</strong></span> <span class='ocrx_word' id='word_1_160' title='bbox 1994 2252 2169 2297; x_wconf 89' lang='lat' dir='ltr'><strong>ursos</strong></span> <span class='ocrx_word' id='word_1_161' title='bbox 2216 2231 2434 2297; x_wconf 87' lang='lat' dir='ltr'><strong>decem</strong></span> <span class='ocrx_word' id='word_1_162' title='bbox 2483 2236 2547 2295; x_wconf 89' lang='lat' dir='ltr'><strong>et</strong></span> <span class='ocrx_word' id='word_1_163' title='bbox 2594 2231 2810 2295; x_wconf 90' lang='lat' dir='ltr'><strong>decem</strong></span> 
     </span>
     <span class='ocr_line' id='line_1_18' title="bbox 425 2335 2809 2424; baseline 0 -24"><span class='ocrx_word' id='word_1_164' title='bbox 425 2335 624 2424; x_wconf 84' lang='lat' dir='ltr'><strong>glires</strong></span> <span class='ocrx_word' id='word_1_165' title='bbox 683 2339 750 2400; x_wconf 88' lang='lat' dir='ltr'><strong>et</strong></span> <span class='ocrx_word' id='word_1_166' title='bbox 811 2336 1026 2401; x_wconf 88' lang='lat' dir='ltr'><strong>decem</strong></span> <span class='ocrx_word' id='word_1_167' title='bbox 1092 2336 1373 2402; x_wconf 86' lang='lat' dir='ltr'><strong>lactucas</strong></span> <span class='ocrx_word' id='word_1_168' title='bbox 1427 2344 1490 2401; x_wconf 91' lang='lat' dir='ltr'><strong>et</strong></span> <span class='ocrx_word' id='word_1_169' title='bbox 1538 2337 1755 2402; x_wconf 87' lang='lat' dir='ltr'><strong>decem</strong></span> <span class='ocrx_word' id='word_1_170' title='bbox 1804 2339 1943 2402; x_wconf 88' lang='lat' dir='ltr'><strong>auri</strong></span> <span class='ocrx_word' id='word_1_171' title='bbox 1990 2337 2187 2402; x_wconf 90' lang='lat' dir='ltr'><strong>libras</strong></span> <span class='ocrx_word' id='word_1_172' title='bbox 2232 2339 2299 2401; x_wconf 89' lang='lat' dir='ltr'><strong>in</strong></span> <span class='ocrx_word' id='word_1_173' title='bbox 2349 2342 2514 2402; x_wconf 85' lang='lat' dir='ltr'><strong>sorte</strong></span> <span class='ocrx_word' id='word_1_174' title='bbox 2561 2336 2809 2402; x_wconf 87' lang='lat' dir='ltr'><strong>habuit.</strong></span> 
     </span>
     <span class='ocr_line' id='line_1_19' title="bbox 425 2440 2812 2528; baseline 0 -22"><span class='ocrx_word' id='word_1_175' title='bbox 425 2443 797 2526; x_wconf 89' lang='lat' dir='ltr'><strong>primusque</strong></span> <span class='ocrx_word' id='word_1_176' title='bbox 861 2441 1029 2506; x_wconf 90' lang='lat' dir='ltr'><strong>hunc</strong></span> <span class='ocrx_word' id='word_1_177' title='bbox 1075 2462 1319 2508; x_wconf 89' lang='lat' dir='ltr'><strong>morem</strong></span> <span class='ocrx_word' id='word_1_178' title='bbox 1370 2445 1559 2508; x_wconf 88' lang='lat' dir='ltr'><strong>sortis</strong></span> <span class='ocrx_word' id='word_1_179' title='bbox 1605 2444 1893 2507; x_wconf 85' lang='lat' dir='ltr'><strong>instituit</strong></span> <span class='ocrx_word' id='word_1_180' title='bbox 1938 2466 2105 2528; x_wconf 78' lang='lat' dir='ltr'><strong>quem</strong></span> <span class='ocrx_word' id='word_1_181' title='bbox 2151 2466 2310 2510; x_wconf 80' lang='lat' dir='ltr'><strong>nunc</strong></span> <span class='ocrx_word' id='word_1_182' title='bbox 2362 2443 2645 2507; x_wconf 68' lang='lat' dir='ltr'><strong>videmus.</strong></span> <span class='ocrx_word' id='word_1_183' title='bbox 2716 2440 2812 2507; x_wconf 90' lang='lat' dir='ltr'><strong>De</strong></span> 
     </span>
     <span class='ocr_line' id='line_1_20' title="bbox 427 2547 2813 2636; baseline -0 -21"><span class='ocrx_word' id='word_1_184' title='bbox 427 2547 648 2615; x_wconf 88' lang='lat' dir='ltr'><strong>eodem</strong></span> <span class='ocrx_word' id='word_1_185' title='bbox 713 2547 1100 2635; x_wconf 89' lang='lat' dir='ltr'><strong>Imperatore</strong></span> <span class='ocrx_word' id='word_1_186' title='bbox 1159 2548 1442 2636; x_wconf 85' lang='lat' dir='ltr'><strong>legimus</strong></span> <span class='ocrx_word' id='word_1_187' title='bbox 1503 2569 1556 2614; x_wconf 87' lang='lat' dir='ltr'><strong>c.</strong></span> <span class='ocrx_word' id='word_1_188' title='bbox 1621 2547 1741 2613; x_wconf 81' lang='lat'><strong>29:</strong></span> <span class='ocrx_word' id='word_1_189' title='bbox 1794 2547 2042 2616; x_wconf 89' lang='lat' dir='ltr'><strong>Habuit</strong></span> <span class='ocrx_word' id='word_1_190' title='bbox 2090 2555 2155 2615; x_wconf 88' lang='lat' dir='ltr'><strong>et</strong></span> <span class='ocrx_word' id='word_1_191' title='bbox 2200 2549 2363 2617; x_wconf 90' lang='lat' dir='ltr'><strong>hanc</strong></span> <span class='ocrx_word' id='word_1_192' title='bbox 2411 2548 2813 2615; x_wconf 87' lang='lat' dir='ltr'><strong>consuetudi-</strong></span> 
     </span>
     <span class='ocr_line' id='line_1_21' title="bbox 428 2654 2804 2742; baseline 0 -23"><span class='ocrx_word' id='word_1_193' title='bbox 428 2675 577 2720; x_wconf 90' lang='lat' dir='ltr'><strong>nem</strong></span> <span class='ocrx_word' id='word_1_194' title='bbox 621 2662 698 2720; x_wconf 90' lang='lat' dir='ltr'><strong>ut</strong></span> <span class='ocrx_word' id='word_1_195' title='bbox 742 2660 881 2721; x_wconf 91' lang='lat' dir='ltr'><strong>octo</strong></span> <span class='ocrx_word' id='word_1_196' title='bbox 928 2654 1140 2720; x_wconf 88' lang='lat' dir='ltr'><strong>calvos</strong></span> <span class='ocrx_word' id='word_1_197' title='bbox 1186 2660 1438 2742; x_wconf 88' lang='lat' dir='ltr'><strong>rogaret</strong></span> <span class='ocrx_word' id='word_1_198' title='bbox 1477 2655 1556 2721; x_wconf 88' lang='lat' dir='ltr'><strong>ad</strong></span> <span class='ocrx_word' id='word_1_199' title='bbox 1596 2676 1892 2739; x_wconf 88' lang='lat' dir='ltr'><strong>coenam,</strong></span> <span class='ocrx_word' id='word_1_200' title='bbox 1933 2658 2093 2721; x_wconf 84' lang='lat' dir='ltr'><strong>item</strong></span> <span class='ocrx_word' id='word_1_201' title='bbox 2129 2664 2269 2721; x_wconf 91' lang='lat' dir='ltr'><strong>octo</strong></span> <span class='ocrx_word' id='word_1_202' title='bbox 2306 2655 2515 2721; x_wconf 88' lang='lat' dir='ltr'><strong>luscos</strong></span> <span class='ocrx_word' id='word_1_203' title='bbox 2556 2656 2804 2720; x_wconf 84' lang='lat' dir='ltr'><strong>etitem</strong></span> 
     </span>
     <span class='ocr_line' id='line_1_22' title="bbox 428 2760 2810 2849; baseline 0 -23"><span class='ocrx_word' id='word_1_204' title='bbox 428 2768 568 2826; x_wconf 89' lang='lat' dir='ltr'><strong>octo</strong></span> <span class='ocrx_word' id='word_1_205' title='bbox 624 2761 1033 2848; x_wconf 88' lang='lat' dir='ltr'><strong>podagrosos,</strong></span> <span class='ocrx_word' id='word_1_206' title='bbox 1103 2768 1243 2827; x_wconf 91' lang='lat' dir='ltr'><strong>octo</strong></span> <span class='ocrx_word' id='word_1_207' title='bbox 1293 2761 1516 2826; x_wconf 86' lang='lat' dir='ltr'><strong>surdos</strong></span> <span class='ocrx_word' id='word_1_208' title='bbox 1537 2810 1554 2843; x_wconf 91' lang='lat'><strong>,</strong></span> <span class='ocrx_word' id='word_1_209' title='bbox 1605 2767 1748 2826; x_wconf 86' lang='lat' dir='ltr'><strong>octo</strong></span> <span class='ocrx_word' id='word_1_210' title='bbox 1794 2764 2048 2848; x_wconf 87' lang='lat' dir='ltr'><strong>nigros,</strong></span> <span class='ocrx_word' id='word_1_211' title='bbox 2098 2766 2239 2826; x_wconf 93' lang='lat' dir='ltr'><strong>octo</strong></span> <span class='ocrx_word' id='word_1_212' title='bbox 2284 2760 2508 2849; x_wconf 87' lang='lat' dir='ltr'><strong>longos</strong></span> <span class='ocrx_word' id='word_1_213' title='bbox 2556 2768 2621 2827; x_wconf 89' lang='lat' dir='ltr'><strong>et</strong></span> <span class='ocrx_word' id='word_1_214' title='bbox 2669 2767 2810 2826; x_wconf 91' lang='lat' dir='ltr'><strong>octo</strong></span> 
     </span>
     <span class='ocr_line' id='line_1_23' title="bbox 425 2864 2811 2954; baseline -0 -22"><span class='ocrx_word' id='word_1_215' title='bbox 425 2870 715 2954; x_wconf 87' lang='lat' dir='ltr'><strong>pingues.</strong></span> <span class='ocrx_word' id='word_1_216' title='bbox 763 2865 848 2931; x_wconf 83' lang='lat' dir='ltr'><strong>Et</strong></span> <span class='ocrx_word' id='word_1_217' title='bbox 890 2867 1044 2931; x_wconf 90' lang='lat' dir='ltr'><strong>haec</strong></span> <span class='ocrx_word' id='word_1_218' title='bbox 1084 2866 1340 2951; x_wconf 89' lang='lat' dir='ltr'><strong>quidem</strong></span> <span class='ocrx_word' id='word_1_219' title='bbox 1383 2865 1496 2931; x_wconf 91' lang='lat' dir='ltr'><strong>ille</strong></span> <span class='ocrx_word' id='word_1_220' title='bbox 1535 2867 1700 2931; x_wconf 89' lang='lat' dir='ltr'><strong>risus</strong></span> <span class='ocrx_word' id='word_1_221' title='bbox 1749 2866 2041 2952; x_wconf 86' lang='lat' dir='ltr'><strong>captandi</strong></span> <span class='ocrx_word' id='word_1_222' title='bbox 2081 2887 2288 2932; x_wconf 90' lang='lat' dir='ltr'><strong>causa.</strong></span> <span class='ocrx_word' id='word_1_223' title='bbox 2338 2864 2554 2932; x_wconf 86' lang='lat' dir='ltr'><strong>Julius</strong></span> <span class='ocrx_word' id='word_1_224' title='bbox 2593 2872 2811 2931; x_wconf 90' lang='lat' dir='ltr'><strong>autem</strong></span> 
     </span>
     <span class='ocr_line' id='line_1_24' title="bbox 426 2970 2806 3058; baseline -0.001 -20"><span class='ocrx_word' id='word_1_225' title='bbox 426 2970 826 3058; x_wconf 80' lang='lat' dir='ltr'><strong>Capitolinus</strong></span> <span class='ocrx_word' id='word_1_226' title='bbox 872 2974 939 3037; x_wconf 90' lang='lat' dir='ltr'><strong>in</strong></span> <span class='ocrx_word' id='word_1_227' title='bbox 993 2972 1153 3037; x_wconf 87' lang='lat' dir='ltr'><strong>Vitis</strong></span> <span class='ocrx_word' id='word_1_228' title='bbox 1213 2975 1476 3037; x_wconf 79' lang='lat' dir='ltr'><strong>Maximi</strong></span> <span class='ocrx_word' id='word_1_229' title='bbox 1513 2978 1578 3039; x_wconf 91' lang='lat' dir='ltr'><strong>et</strong></span> <span class='ocrx_word' id='word_1_230' title='bbox 1615 2971 1875 3037; x_wconf 90' lang='lat' dir='ltr'><strong>Balbini</strong></span> <span class='ocrx_word' id='word_1_231' title='bbox 1914 2993 1967 3037; x_wconf 86' lang='lat' dir='ltr'><strong>c.</strong></span> <span class='ocrx_word' id='word_1_232' title='bbox 2014 2973 2093 3037; x_wconf 93' lang='lat'><strong>11</strong></span> <span class='ocrx_word' id='word_1_233' title='bbox 2140 2974 2302 3038; x_wconf 90' lang='lat' dir='ltr'><strong>serio</strong></span> <span class='ocrx_word' id='word_1_234' title='bbox 2331 2972 2585 3050; x_wconf 79' lang='lat' dir='ltr'><strong>scribit,</strong></span> <span class='ocrx_word' id='word_1_235' title='bbox 2614 2993 2806 3057; x_wconf 90' lang='lat' dir='ltr'><strong>quam</strong></span> 
     </span>
     <span class='ocr_line' id='line_1_25' title="bbox 425 3077 2808 3164; baseline -0.001 -19"><span class='ocrx_word' id='word_1_236' title='bbox 425 3079 844 3145; x_wconf 80' lang='lat' dir='ltr'><strong>hecatomben</strong></span> <span class='ocrx_word' id='word_1_237' title='bbox 881 3077 1158 3145; x_wconf 89' lang='lat' dir='ltr'><strong>Romani</strong></span> <span class='ocrx_word' id='word_1_238' title='bbox 1181 3085 1333 3144; x_wconf 87' lang='lat' dir='ltr'><strong>tunc</strong></span> <span class='ocrx_word' id='word_1_239' title='bbox 1357 3081 1662 3163; x_wconf 88' lang='lat' dir='ltr'><strong>temporis</strong></span> <span class='ocrx_word' id='word_1_240' title='bbox 1687 3078 2085 3164; x_wconf 87' lang='lat' dir='ltr'><strong>appellarint.</strong></span> <span class='ocrx_word' id='word_1_241' title='bbox 2135 3078 2532 3145; x_wconf 89' lang='lat' dir='ltr'><strong>Hecatombe</strong></span> <span class='ocrx_word' id='word_1_242' title='bbox 2556 3084 2773 3143; x_wconf 89' lang='lat' dir='ltr'><strong>autem</strong></span> <span class='ocrx_word' id='word_1_243' title='bbox 2789 3127 2808 3162; x_wconf 89' lang='lat'><strong>,</strong></span> 
     </span>
     <span class='ocr_line' id='line_1_26' title="bbox 424 3183 2813 3270; baseline 0 -20"><span class='ocrx_word' id='word_1_244' title='bbox 424 3186 671 3270; x_wconf 87' lang='lat' dir='ltr'><strong>inquit,</strong></span> <span class='ocrx_word' id='word_1_245' title='bbox 722 3184 851 3251; x_wconf 86' lang='lat' dir='ltr'><strong>tale</strong></span> <span class='ocrx_word' id='word_1_246' title='bbox 897 3185 1275 3251; x_wconf 87' lang='lat' dir='ltr'><strong>sacrificium</strong></span> <span class='ocrx_word' id='word_1_247' title='bbox 1323 3187 1482 3251; x_wconf 88' lang='lat' dir='ltr'><strong>fuit:</strong></span> <span class='ocrx_word' id='word_1_248' title='bbox 1525 3192 1782 3251; x_wconf 87' lang='lat' dir='ltr'><strong>centum</strong></span> <span class='ocrx_word' id='word_1_249' title='bbox 1830 3206 1972 3269; x_wconf 82' lang='lat' dir='ltr'><strong>arae</strong></span> <span class='ocrx_word' id='word_1_250' title='bbox 2012 3207 2138 3253; x_wconf 91' lang='lat' dir='ltr'><strong>uno</strong></span> <span class='ocrx_word' id='word_1_251' title='bbox 2176 3189 2245 3250; x_wconf 91' lang='lat' dir='ltr'><strong>in</strong></span> <span class='ocrx_word' id='word_1_252' title='bbox 2284 3186 2420 3251; x_wconf 91' lang='lat' dir='ltr'><strong>loco</strong></span> <span class='ocrx_word' id='word_1_253' title='bbox 2457 3183 2813 3270; x_wconf 85' lang='lat' dir='ltr'><strong>cespititiae</strong></span> 
     </span>
     <span class='ocr_line' id='line_1_27' title="bbox 425 3291 2812 3376; baseline -0.001 -20"><span class='ocrx_word' id='word_1_254' title='bbox 425 3298 809 3357; x_wconf 81' lang='lat' dir='ltr'><strong>extruuntur</strong></span> <span class='ocrx_word' id='word_1_255' title='bbox 854 3300 920 3357; x_wconf 89' lang='lat' dir='ltr'><strong>et</strong></span> <span class='ocrx_word' id='word_1_256' title='bbox 968 3291 1047 3356; x_wconf 87' lang='lat' dir='ltr'><strong>ad</strong></span> <span class='ocrx_word' id='word_1_257' title='bbox 1097 3312 1202 3358; x_wconf 90' lang='lat' dir='ltr'><strong>eas</strong></span> <span class='ocrx_word' id='word_1_258' title='bbox 1240 3300 1498 3357; x_wconf 88' lang='lat' dir='ltr'><strong>centum</strong></span> <span class='ocrx_word' id='word_1_259' title='bbox 1543 3312 1724 3368; x_wconf 88' lang='lat' dir='ltr'><strong>sues,</strong></span> <span class='ocrx_word' id='word_1_260' title='bbox 1764 3298 2019 3357; x_wconf 88' lang='lat' dir='ltr'><strong>centum</strong></span> <span class='ocrx_word' id='word_1_261' title='bbox 2049 3312 2228 3367; x_wconf 84' lang='lat' dir='ltr'><strong>oves,</strong></span> <span class='ocrx_word' id='word_1_262' title='bbox 2260 3291 2528 3376; x_wconf 74' lang='lat' dir='ltr'><strong>(suppleo</strong></span> <span class='ocrx_word' id='word_1_263' title='bbox 2552 3294 2812 3355; x_wconf 86' lang='lat' dir='ltr'><strong>centum</strong></span> 
     </span>
     <span class='ocr_line' id='line_1_28' title="bbox 425 3397 2811 3484; baseline -0.002 -21"><span class='ocrx_word' id='word_1_264' title='bbox 425 3398 648 3483; x_wconf 84' lang='lat' dir='ltr'><strong>boves,</strong></span> <span class='ocrx_word' id='word_1_265' title='bbox 713 3404 780 3463; x_wconf 75' lang='lat' dir='ltr'><strong>ut</strong></span> <span class='ocrx_word' id='word_1_266' title='bbox 841 3399 1272 3463; x_wconf 72' lang='lat' dir='ltr'><strong>suovetaurilia</strong></span> <span class='ocrx_word' id='word_1_267' title='bbox 1315 3400 1512 3484; x_wconf 75' lang='lat' dir='ltr'><strong>fiant)</strong></span> <span class='ocrx_word' id='word_1_268' title='bbox 1573 3404 1936 3463; x_wconf 86' lang='lat' dir='ltr'><strong>mactantur</strong></span> <span class='ocrx_word' id='word_1_269' title='bbox 1953 3418 1969 3475; x_wconf 87' lang='lat'>;</span> <span class='ocrx_word' id='word_1_270' title='bbox 2026 3400 2159 3483; x_wconf 88' lang='lat' dir='ltr'><strong>jam</strong></span> <span class='ocrx_word' id='word_1_271' title='bbox 2224 3400 2280 3461; x_wconf 89' lang='lat' dir='ltr'><strong>si</strong></span> <span class='ocrx_word' id='word_1_272' title='bbox 2328 3397 2811 3482; x_wconf 90' lang='lat' dir='ltr'><strong>imperatorium</strong></span> 
     </span>
     <span class='ocr_line' id='line_1_29' title="bbox 425 3501 2811 3588; baseline -0.001 -20"><span class='ocrx_word' id='word_1_273' title='bbox 425 3502 806 3571; x_wconf 86' lang='lat' dir='ltr'><strong>sacrificium</strong></span> <span class='ocrx_word' id='word_1_274' title='bbox 857 3504 976 3580; x_wconf 88' lang='lat' dir='ltr'><strong>sit,</strong></span> <span class='ocrx_word' id='word_1_275' title='bbox 1026 3514 1281 3569; x_wconf 89' lang='lat' dir='ltr'><strong>centum</strong></span> <span class='ocrx_word' id='word_1_276' title='bbox 1331 3504 1578 3583; x_wconf 84' lang='lat' dir='ltr'><strong>leones,</strong></span> <span class='ocrx_word' id='word_1_277' title='bbox 1629 3510 1887 3569; x_wconf 90' lang='lat' dir='ltr'><strong>centum</strong></span> <span class='ocrx_word' id='word_1_278' title='bbox 1938 3502 2188 3588; x_wconf 89' lang='lat' dir='ltr'><strong>aquilae</strong></span> <span class='ocrx_word' id='word_1_279' title='bbox 2236 3509 2301 3568; x_wconf 91' lang='lat' dir='ltr'><strong>et</strong></span> <span class='ocrx_word' id='word_1_280' title='bbox 2347 3510 2554 3567; x_wconf 87' lang='lat' dir='ltr'><strong>cetera</strong></span> <span class='ocrx_word' id='word_1_281' title='bbox 2593 3501 2811 3587; x_wconf 85' lang='lat' dir='ltr'><strong>hujus·</strong></span> 
     </span>
     <span class='ocr_line' id='line_1_30' title="bbox 425 3603 2813 3694; baseline -0.001 -20"><span class='ocrx_word' id='word_1_282' title='bbox 425 3612 603 3675; x_wconf 86' lang='lat' dir='ltr'><strong>modi</strong></span> <span class='ocrx_word' id='word_1_283' title='bbox 669 3610 975 3676; x_wconf 89' lang='lat' dir='ltr'><strong>animalia</strong></span> <span class='ocrx_word' id='word_1_284' title='bbox 1031 3618 1295 3675; x_wconf 88' lang='lat' dir='ltr'><strong>centena</strong></span> <span class='ocrx_word' id='word_1_285' title='bbox 1353 3610 1686 3675; x_wconf 85' lang='lat' dir='ltr'><strong>feriuntur.</strong></span> <span class='ocrx_word' id='word_1_286' title='bbox 1778 3608 1959 3690; x_wconf 78' lang='lat' dir='ltr'><strong>Quod</strong></span> <span class='ocrx_word' id='word_1_287' title='bbox 2015 3609 2274 3694; x_wconf 90' lang='lat' dir='ltr'><strong>quidem</strong></span> <span class='ocrx_word' id='word_1_288' title='bbox 2338 3612 2534 3673; x_wconf 90' lang='lat' dir='ltr'><strong>etiam</strong></span> <span class='ocrx_word' id='word_1_289' title='bbox 2584 3603 2813 3672; x_wconf 84' lang='lat' dir='ltr'><strong>Graeci</strong></span> 
     </span>
     <span class='ocr_line' id='line_1_31' title="bbox 426 3713 2813 3801; baseline -0.002 -21"><span class='ocrx_word' id='word_1_290' title='bbox 426 3717 742 3801; x_wconf 90' lang='lat' dir='ltr'><strong>quondam</strong></span> <span class='ocrx_word' id='word_1_291' title='bbox 785 3716 1006 3781; x_wconf 84' lang='lat' dir='ltr'><strong>fecisse</strong></span> <span class='ocrx_word' id='word_1_292' title='bbox 1047 3716 1382 3789; x_wconf 81' lang='lat' dir='ltr'><strong>dicuntur,</strong></span> <span class='ocrx_word' id='word_1_293' title='bbox 1425 3737 1570 3780; x_wconf 90' lang='lat' dir='ltr'><strong>cum</strong></span> <span class='ocrx_word' id='word_1_294' title='bbox 1611 3714 1979 3798; x_wconf 83' lang='lat' dir='ltr'><strong>pestilentia</strong></span> <span class='ocrx_word' id='word_1_295' title='bbox 2016 3714 2373 3779; x_wconf 87' lang='lat' dir='ltr'><strong>laborarent</strong></span> <span class='ocrx_word' id='word_1_296' title='bbox 2415 3722 2477 3779; x_wconf 81' lang='lat' dir='ltr'><strong>et</strong></span> <span class='ocrx_word' id='word_1_297' title='bbox 2518 3734 2555 3778; x_wconf 92' lang='lat' dir='ltr'><strong>a</strong></span> <span class='ocrx_word' id='word_1_298' title='bbox 2586 3713 2813 3777; x_wconf 87' lang='lat' dir='ltr'><strong>multis</strong></span> 
     </span>
     <span class='ocr_line' id='line_1_32' title="bbox 425 3816 2813 3907; baseline -0.002 -22"><span class='ocrx_word' id='word_1_299' title='bbox 425 3820 927 3907; x_wconf 88' lang='lat' dir='ltr'><strong>Imperatoribus</strong></span> <span class='ocrx_word' id='word_1_300' title='bbox 989 3823 1058 3887; x_wconf 89' lang='lat' dir='ltr'><strong>id</strong></span> <span class='ocrx_word' id='word_1_301' title='bbox 1123 3822 1503 3887; x_wconf 89' lang='lat' dir='ltr'><strong>celebratum</strong></span> <span class='ocrx_word' id='word_1_302' title='bbox 1569 3828 1833 3886; x_wconf 85' lang='lat' dir='ltr'><strong>constat.</strong></span> <span class='ocrx_word' id='word_1_303' title='bbox 1922 3821 2167 3905; x_wconf 87' lang='lat' dir='ltr'><strong>Nempe</strong></span> <span class='ocrx_word' id='word_1_304' title='bbox 2232 3842 2309 3884; x_wconf 82' lang='lat' dir='ltr'><strong>ex</strong></span> <span class='ocrx_word' id='word_1_305' title='bbox 2374 3817 2631 3883; x_wconf 89' lang='lat' dir='ltr'><strong>Oriente</strong></span> <span class='ocrx_word' id='word_1_306' title='bbox 2701 3816 2813 3882; x_wconf 93' lang='lat' dir='ltr'><strong>ille</strong></span> 
     </span>
     <span class='ocr_line' id='line_1_33' title="bbox 427 3925 2813 4013; baseline -0.003 -20"><span class='ocrx_word' id='word_1_307' title='bbox 427 3948 567 3994; x_wconf 93' lang='lat' dir='ltr'><strong>mos</strong></span> <span class='ocrx_word' id='word_1_308' title='bbox 623 3932 692 3993; x_wconf 88' lang='lat' dir='ltr'><strong>in</strong></span> <span class='ocrx_word' id='word_1_309' title='bbox 755 3926 1086 3995; x_wconf 86' lang='lat' dir='ltr'><strong>Graeciam</strong></span> <span class='ocrx_word' id='word_1_310' title='bbox 1151 3928 1431 4013; x_wconf 88' lang='lat' dir='ltr'><strong>perlatus</strong></span> <span class='ocrx_word' id='word_1_311' title='bbox 1493 3928 1616 3993; x_wconf 89' lang='lat' dir='ltr'><strong>fuit</strong></span> <span class='ocrx_word' id='word_1_312' title='bbox 1677 3927 1946 4011; x_wconf 87' lang='lat' dir='ltr'><strong>indeque</strong></span> <span class='ocrx_word' id='word_1_313' title='bbox 2009 3930 2205 3991; x_wconf 83' lang='lat' dir='ltr'><strong>etiam</strong></span> <span class='ocrx_word' id='word_1_314' title='bbox 2268 3925 2614 3989; x_wconf 88' lang='lat' dir='ltr'><strong>Pausanias</strong></span> <span class='ocrx_word' id='word_1_315' title='bbox 2670 3928 2813 4007; x_wconf 92' lang='lat' dir='ltr'><strong>post</strong></span> 
     </span>
     <span class='ocr_line' id='line_1_34' title="bbox 425 4030 2809 4121; baseline -0.002 -23"><span class='ocrx_word' id='word_1_316' title='bbox 425 4056 712 4121; x_wconf 89' lang='lat' dir='ltr'><strong>pugnam</strong></span> <span class='ocrx_word' id='word_1_317' title='bbox 775 4034 944 4119; x_wconf 87' lang='lat' dir='ltr'><strong>apud</strong></span> <span class='ocrx_word' id='word_1_318' title='bbox 1007 4033 1299 4099; x_wconf 89' lang='lat' dir='ltr'><strong>Plataeas</strong></span> <span class='ocrx_word' id='word_1_319' title='bbox 1363 4036 1604 4117; x_wconf 84' lang='lat' dir='ltr'><strong>accepit</strong></span> <span class='ocrx_word' id='word_1_320' title='bbox 1668 4033 1884 4096; x_wconf 88' lang='lat' dir='ltr'><strong>decem</strong></span> <span class='ocrx_word' id='word_1_321' title='bbox 1951 4032 2244 4105; x_wconf 86' lang='lat' dir='ltr'><strong>ancillas,</strong></span> <span class='ocrx_word' id='word_1_322' title='bbox 2316 4030 2531 4094; x_wconf 88' lang='lat' dir='ltr'><strong>decem</strong></span> <span class='ocrx_word' id='word_1_323' title='bbox 2581 4048 2809 4113; x_wconf 89' lang='lat' dir='ltr'><strong>equos,</strong></span> 
     </span>
     <span class='ocr_line' id='line_1_35' title="bbox 426 4134 2811 4217; baseline -0.003 -12"><span class='ocrx_word' id='word_1_324' title='bbox 426 4140 640 4207; x_wconf 89' lang='lat' dir='ltr'><strong>decem</strong></span> <span class='ocrx_word' id='word_1_325' title='bbox 705 4139 982 4217; x_wconf 81' lang='lat' dir='ltr'><strong>talenta,</strong></span> <span class='ocrx_word' id='word_1_326' title='bbox 1047 4139 1264 4204; x_wconf 90' lang='lat' dir='ltr'><strong>decem</strong></span> <span class='ocrx_word' id='word_1_327' title='bbox 1331 4137 1640 4215; x_wconf 89' lang='lat' dir='ltr'><strong>camelos,</strong></span> <span class='ocrx_word' id='word_1_328' title='bbox 1709 4150 1937 4203; x_wconf 85' lang='lat' dir='ltr'><strong>cetera.</strong></span> <span class='ocrx_word' id='word_1_329' title='bbox 2049 4136 2259 4201; x_wconf 83' lang='lat' dir='ltr'><strong>Etiam</strong></span> <span class='ocrx_word' id='word_1_330' title='bbox 2332 4136 2561 4201; x_wconf 90' lang='lat' dir='ltr'><strong>Darius</strong></span> <span class='ocrx_word' id='word_1_331' title='bbox 2630 4134 2811 4199; x_wconf 81' lang='lat' dir='ltr'><strong>Man-</strong></span> 
     </span>
     <span class='ocr_line' id='line_1_36' title="bbox 425 4238 2813 4329; baseline -0.002 -18"><span class='ocrx_word' id='word_1_332' title='bbox 425 4246 735 4323; x_wconf 88' lang='lat' dir='ltr'><strong>droclem,</strong></span> <span class='ocrx_word' id='word_1_333' title='bbox 803 4248 912 4329; x_wconf 90' lang='lat' dir='ltr'><strong>qui</strong></span> <span class='ocrx_word' id='word_1_334' title='bbox 979 4252 1238 4329; x_wconf 90' lang='lat' dir='ltr'><strong>pontem</strong></span> <span class='ocrx_word' id='word_1_335' title='bbox 1305 4244 1569 4321; x_wconf 77' lang='lat' dir='ltr'><strong>fecerat,</strong></span> <span class='ocrx_word' id='word_1_336' title='bbox 1637 4242 1977 4323; x_wconf 74' lang='grc' dir='ltr'><strong><em>ἐδωρήσατο</em></strong></span> <span class='ocrx_word' id='word_1_337' title='bbox 2040 4246 2194 4307; x_wconf 71' lang='grc' dir='ltr'><strong>πᾶσι</strong></span> <span class='ocrx_word' id='word_1_338' title='bbox 2259 4241 2429 4305; x_wconf 72' lang='grc' dir='ltr'><strong><em>δέκα.</em></strong></span> <span class='ocrx_word' id='word_1_339' title='bbox 2504 4238 2813 4307; x_wconf 83' lang='lat' dir='ltr'><strong>Chosroes</strong></span> 
     </span>
     <span class='ocr_line' id='line_1_37' title="bbox 425 4348 2813 4437; baseline -0.003 -20"><span class='ocrx_word' id='word_1_340' title='bbox 425 4350 765 4417; x_wconf 87' lang='lat' dir='ltr'><strong>Persarum</strong></span> <span class='ocrx_word' id='word_1_341' title='bbox 826 4371 936 4417; x_wconf 82' lang='lat' dir='ltr'><strong>rex</strong></span> <span class='ocrx_word' id='word_1_342' title='bbox 999 4350 1077 4415; x_wconf 92' lang='lat' dir='ltr'><strong>ab</strong></span> <span class='ocrx_word' id='word_1_343' title='bbox 1146 4349 1534 4437; x_wconf 88' lang='lat' dir='ltr'><strong>Imperatore</strong></span> <span class='ocrx_word' id='word_1_344' title='bbox 1602 4348 1900 4414; x_wconf 85' lang='lat' dir='ltr'><strong>Heraclio</strong></span> <span class='ocrx_word' id='word_1_345' title='bbox 1972 4350 2201 4413; x_wconf 89' lang='lat' dir='ltr'><strong>tributi</strong></span> <span class='ocrx_word' id='word_1_346' title='bbox 2269 4350 2525 4413; x_wconf 90' lang='lat' dir='ltr'><strong>nomine</strong></span> <span class='ocrx_word' id='word_1_347' title='bbox 2596 4350 2813 4433; x_wconf 86' lang='lat' dir='ltr'><strong>exegit</strong></span> 
     </span>
     <span class='ocr_line' id='line_1_38' title="bbox 425 4452 2811 4543; baseline -0.002 -18"><span class='ocrx_word' id='word_1_348' title='bbox 425 4456 609 4525; x_wconf 88' lang='lat' dir='ltr'><strong>mille</strong></span> <span class='ocrx_word' id='word_1_349' title='bbox 675 4455 914 4525; x_wconf 85' lang='lat' dir='ltr'><strong>talenta</strong></span> <span class='ocrx_word' id='word_1_350' title='bbox 981 4461 1118 4523; x_wconf 88' lang='lat' dir='ltr'><strong>auri</strong></span> <span class='ocrx_word' id='word_1_351' title='bbox 1137 4504 1154 4535; x_wconf 94' lang='lat'><strong>,</strong></span> <span class='ocrx_word' id='word_1_352' title='bbox 1215 4454 1398 4521; x_wconf 90' lang='lat' dir='ltr'><strong>mille</strong></span> <span class='ocrx_word' id='word_1_353' title='bbox 1461 4458 1743 4543; x_wconf 85' lang='lat' dir='ltr'><strong>argenti,</strong></span> <span class='ocrx_word' id='word_1_354' title='bbox 1808 4454 1989 4521; x_wconf 90' lang='lat' dir='ltr'><strong>mille</strong></span> <span class='ocrx_word' id='word_1_355' title='bbox 2051 4462 2257 4523; x_wconf 86' lang='lat' dir='ltr'><strong>vestes</strong></span> <span class='ocrx_word' id='word_1_356' title='bbox 2320 4458 2581 4531; x_wconf 79' lang='lat' dir='ltr'><strong>sericas,</strong></span> <span class='ocrx_word' id='word_1_357' title='bbox 2630 4452 2811 4520; x_wconf 85' lang='lat' dir='ltr'><strong>mille</strong></span> 
     </span>
    </p>

    <p class='ocr_par' dir='ltr' id='par_1_4' title="bbox 2496 4576 2525 4627">
     <span class='ocr_line' id='line_1_39' title="bbox 2496 4576 2525 4627; baseline 0 0"><span class='ocrx_word' id='word_1_358' title='bbox 2496 4576 2525 4627; x_wconf 73' lang='grc' dir='ltr'>ὗ</span> 
     </span>
    </p>
   </div>
  </div>
 </body>
</html>
