3436 5161
1449 381 1691 432 moeno,
2682 375 2769 440 45

375 543 684 611 utilitatis
729 549 1175 614 communione
1221 546 1530 614 sociatus'’
1570 549 1650 614 cf.
1688 548 2092 636 Augustinus
2110 599 2124 628 ,
2158 551 2235 616 de
2260 550 2401 621 Oiv.
2429 553 2550 621 Dei
2578 555 2763 624 XIX.

377 650 460 716 21
487 701 502 731 ,
566 654 674 718 ubi
741 653 1014 720 totidem
1078 655 1290 724 verbis
1349 655 1505 721 haec
1572 660 1948 740 repetuntur
2008 662 2074 722 et
2122 658 2543 743 explicantur.
2615 663 2765 730 Alia

376 757 642 824 afferunt
703 759 937 827 Moser.
1004 765 1068 825 et
1121 759 1498 826 Villemain.
1575 758 1893 840 „Coetum
1941 761 2423 830 multitudinis”
2472 769 2760 836 invenies

369 865 572 948 ipsius
617 867 970 952 Augustini
1015 867 1226 933 verbis
1273 872 1845 932 commemoratum
1893 866 2009 935 1.1.
2036 889 2089 934 c.
2140 870 2247 934 24.
2318 869 2757 948 „Consensum

369 971 572 1036 iuris”
634 991 761 1037 non
811 975 1188 1058 interpretor
1235 978 1494 1059 pactum
1541 972 1801 1060 aliquod
1847 974 1925 1040 de
1970 977 2110 1040 iure
2158 979 2599 1046 constituendo
2650 981 2760 1047 sed

370 1097 774 1145 communem
822 1078 1219 1147 voluntatem
1263 1082 1424 1146 iuris
1470 1080 1865 1150 observandi.

460 1293 567 1359 42.
630 1293 848 1381 Atque
887 1294 1118 1360 horum
1166 1295 1366 1361 trium
1411 1315 1723 1383 generum
1769 1296 2201 1381 (monarchiae
2219 1341 2237 1374 ,
2284 1297 2715 1366 aristocratiae
2734 1347 2754 1386 ,

367 1399 816 1488 democratiae)
863 1402 1132 1487 quodvis
1179 1439 1264 1451 —
1309 1421 1436 1467 non
1474 1402 1823 1488 perfectum
1860 1401 2027 1467 illud
2066 1403 2327 1487 quidem
2362 1425 2568 1490 neque
2610 1425 2754 1473 mea

366 1511 680 1573 sententia
740 1510 1060 1593 optimum
1081 1556 1097 1588 ,
1160 1507 1270 1575 sed
1333 1506 1662 1576 tolerabile
1717 1512 1935 1574 tamen
1998 1517 2055 1573 et
2118 1507 2294 1575 aliud
2368 1510 2494 1577 alio
2552 1511 2758 1596 possit

366 1634 500 1680 esse
546 1614 1034 1700 praestantius”.

455 1720 664 1809 Lego=
715 1722 865 1800 „sed
916 1721 1245 1788 tolerabile
1265 1767 1280 1798 ‚
1328 1726 1403 1787 ut
1449 1726 1664 1788 tamen
1712 1721 1891 1788 aliud
1938 1721 2121 1800 a'lio”,
2171 1721 2310 1788 rell.
2382 1721 2528 1788 Non
2576 1725 2750 1789 enim

365 1828 892 1912 acquiescendum
937 1830 1005 1893 in
1054 1827 1533 1914 simplicissima
1579 1827 2056 1893 emendatione:
2110 1826 2485 1906 „tolerabile
2533 1833 2751 1896 tamen

363 1933 480 1998 ut”
523 1932 698 2011 rell.;
747 1935 1114 2000 membrum
1161 1935 1594 2000 restrictivum
1633 1935 2016 2019 requiritur,
2055 1939 2130 1998 ut
2166 1939 2495 2000 senserunt
2520 1933 2749 2020 Haup-

363 2043 493 2106 tius
508 2089 525 2119 ‚
592 2039 880 2106 Osannus
898 2090 915 2124 ,
962 2039 1265 2106 Halmius
1313 2040 1340 2125 (
1389 2043 1751 2126 „optimum
1801 2047 1889 2104 eet
1904 2087 1922 2119 ,
1972 2038 2303 2106 tolerabile
2348 2047 2564 2106 tamen
2583 2087 2603 2126 ,
2648 2041 2755 2106 sed

359 2153 428 2211 αι
475 2146 694 2214 aliud”
745 2153 857 2214 aut
906 2148 1054 2226 „sed
1096 2145 1275 2212 aliud
1320 2145 1429 2210 ut’'
1469 2145 1639 2230 rell.)

452 2358 556 2425 44.
625 2360 718 2426 De
763 2361 970 2426 tribus
1014 2361 1237 2426 formis
1283 2361 1376 2425 rei
1421 2359 1712 2446 publicae
1763 2362 1954 2427 verba
2004 2361 2235 2427 faciens
2282 2358 2529 2444 Scipio:
2582 2379 2741 2444 quae

357 2487 591 2554 genera
626 2469 907 2552 primum
949 2472 1097 2532 sunt
1134 2469 1202 2530 in
1240 2465 1323 2530 iis
1362 2464 1620 2554 singula
1654 2467 1868 2546 vitiis,
1910 2486 2070 2551 quae
2110 2470 2257 2532 ante
2296 2465 2471 2543 dixi,
2516 2463 2743 2531 deinde

356 2572 595 2639 habent
639 2575 989 2659 perniciosa
1035 2571 1162 2639 alia
1213 2571 1422 2639 vitia’'.

447 2678 754 2745 Nondum
798 2679 1034 2745 habent
1080 2698 1153 2745 ea
1200 2678 1372 2759 „alia
1416 2676 1798 2764 perniciosa’'
1838 2676 1945 2744 sed
1988 2698 2061 2744 eo
2099 2677 2287 2743 facile
2323 2677 2737 2763 perveniunt:

357 2784 636 2863 „habent
694 2789 1044 2872 perniciosa
1105 2786 1229 2852 alia
1291 2784 1544 2851 cicind’.
1615 2784 1919 2870 Sequitur
1974 2789 2226 2850 autem:
2298 2783 2592 2868 „nullum
2642 2790 2741 2851 est

352 2894 528 2958 enim
573 2912 775 2980 genus
819 2893 1080 2959 illarum
1127 2912 1341 2959 rerum
1372 2890 1775 2978 publicarum
1797 2940 1813 2964 .
1862 2890 2029 2977 quod
2067 2910 2194 2957 non
2227 2889 2461 2955 habeat
2498 2890 2615 2953 iter
2654 2890 2741 2953 ad

351 3000 670 3066 finitimum
708 3001 1000 3087 quoddam
1042 3001 1260 3063 malum
1291 3021 1573 3084 praecepa
1618 3014 1690 3062 ac
1726 2996 2083 3061 luchricum”.
2146 2996 2405 3062 Habent
2447 2997 2627 3082 quasi
2667 2998 2735 3060 in

347 3107 590 3172 vicinia
635 3108 986 3192 perniciosa
1031 3104 1342 3191 quaedam
1362 3152 1380 3181 ,
1420 3104 1500 3169 ad
1540 3124 1700 3188 quae
1738 3108 2069 3188 propterea
2107 3100 2293 3167 facile
2331 3098 2734 3167 delabuntur.

345 3209 422 3275 In
461 3212 771 3297 proximis
817 3214 1094 3298 speciose
1140 3208 1220 3277 G.
1269 3208 1676 3276 Hermannus
1722 3208 2135 3274 emendabat:
2191 3207 2310 3291 „ad
2355 3208 2735 3271 invitandam

345 3318 548 3383 animi
593 3315 972 3383 licentiam’'-
1011 3317 1121 3383 sed
1165 3336 1291 3382 non
1335 3334 1527 3401 opus:
1578 3315 1741 3380 bono
1780 3316 1919 3401 regi
1958 3314 2177 3379 subest
2212 3312 2295 3378 ad
2334 3310 2727 3378 immutandi

347 3426 549 3488 animi
585 3422 913 3490 licentiam
952 3422 1279 3499 Phalaris,
1327 3424 1374 3488 i.
1419 3442 1476 3487 e.
1522 3424 1592 3486 in
1636 3427 1896 3506 promtu
1942 3422 2073 3497 est,
2127 3437 2401 3503 quocum
2448 3438 2515 3484 se
2556 3437 2728 3483 com-

345 3534 560 3615 paret,
610 3529 818 3597 malus
839 3576 856 3609 ,
905 3534 979 3595 ut
1022 3529 1215 3595 licere
1259 3529 1383 3594 sibi
1427 3533 1610 3613 putet
1655 3528 1949 3592 animum
1996 3529 2273 3590 mutare.

437 3740 546 3808 45.
590 3742 786 3809 Initio
834 3746 924 3808 sic
969 3741 1433 3828 supplendumt
1483 3746 1644 3820 „iam
1681 3741 1797 3805 illa
1834 3740 2214 3804 immoderata
2255 3738 2499 3802 libertas
2534 3741 2728 3800 status

343 3855 431 3913 est
474 3850 567 3914 rei
596 3851 876 3933 publicae
920 3848 1300 3914 deterrimus
1347 3852 1411 3914 et
1445 3868 1525 3913 ex
1560 3848 1680 3913 hac
1718 3846 1824 3916 vel
1860 3845 2277 3932 optimatium
2322 3842 2427 3910 vel
2460 3842 2727 3908 factiosa

343 3951 503 4039 (opt.
555 3955 748 4023 factio
792 3954 899 4023 vel
913 3953 966 4043 ?)
1013 3956 1347 4042 tyrannica
1393 3952 1542 4017 -”.

437 4166 545 4235 47.
593 4170 962 4254 Aequalitas
1007 4191 1132 4236 non
1179 4173 1277 4235 est
1320 4170 1388 4233 in
1434 4166 1656 4254 populi
1700 4164 2005 4251 imperim
2050 4163 2163 4230 alii
2204 4162 2376 4230 enim
2422 4164 2571 4228 sunt
2615 4163 2731 4248 qui

341 4273 498 4340 dant
517 4322 536 4351 ,
577 4274 689 4341 alii
727 4280 838 4362 qui
877 4278 1234 4362 accipiunt:
1280 4278 1533 4354 „ierunt
1554 4276 1727 4341 enim
1754 4272 2055 4359 suffragia
2072 4317 2088 4349 ,
2124 4269 2430 4336 mandant
2452 4269 2728 4354 imperia

335 4380 727 4463 magri-etratus
789 4384 1164 4447 ambiuntur
1223 4386 1530 4470 rogantur
1575 4384 1672 4445 set
1718 4398 1793 4445 ea
1837 4378 1990 4443 dant
2035 4381 2221 4458 ’παρὰ
2238 4424 2256 4461 ,
2317 4394 2480 4460 quae
2526 4374 2727 4439 etiam

341 4488 399 4551 si
444 4486 686 4567 nolint,
735 4488 940 4554 danda
986 4491 1149 4567 sint,
1194 4494 1259 4555 et
1291 4509 1454 4573 quae
1488 4487 1614 4573 ipsi
1657 4505 1783 4551 non
1804 4483 2041 4549 habent
2058 4528 2076 4561 ,
2102 4480 2271 4548 unde
2294 4480 2407 4549 alii
2429 4478 2726 4565 petunt”.
