3436 5161
1222 405 1497 457 ramnus
1543 406 1878 458 sosarnus.
2607 393 2737 459 281

446 567 735 635 Ulterius
793 570 1090 657 progredi
1152 573 1528 656 poterimus.
1614 571 1854 638 Docuit
1916 572 2268 652 Johnnnes,
2349 576 2566 660 Antiq.
2636 575 2740 642 18.

358 675 420 742 5.
472 674 550 750 2,
598 679 709 750 τὴν
756 676 1065 753 βάπτισιν
1110 678 1455 753 ἁποδεκτὴν
1504 679 1587 759 τῷ
1638 681 1746 760 θεῷ
1792 683 2158 761 Φανεῒσθαι,
2203 683 2300 756 μὴ
2341 681 2468 747 ἐπί
2506 705 2740 748 τινων

356 781 863 863 ἁμαρτάδων
923 785 1425 863 παραιτήσει
1498 784 1861 864 χρωμένων,
1929 785 2080 850 ἁλλ’
2158 787 2262 866 ἐφ’
2335 788 2560 870 ἁγνείᾳ
2629 793 2737 855 τοῦ

356 891 685 968 σώματος,
738 886 858 955 ἁτε
906 889 975 964 33,
1033 892 1135 955 καὶ
1185 897 1297 974 τῆς
1344 897 1560 973 ψυχῆς
1608 893 1954 972 δικαιοσύνη
1999 895 2589 973 προεκκαθαρμένης.
2636 895 2742 962 Jo-

355 995 581 1060 hannis
642 995 931 1063 doctrina
996 997 1272 1083 Josepho
1329 997 1579 1084 placere
1624 999 1882 1071 debuit,
1932 1019 2082 1064 nam
2131 997 2345 1064 Banus
2391 1000 2537 1073 ille.
2586 1021 2740 1086 quo-

354 1121 503 1166 cum
568 1122 681 1186 per
744 1105 1089 1168 triennium
1154 1123 1281 1170 una
1342 1105 1505 1188 fuit,
1566 1105 1795 1170 itidem
1853 1107 2076 1185 ψυχρῷ
2125 1102 2301 1170 ὕδατι
2351 1108 2460 1178 τὴν
2510 1107 2740 1186 ἡμέραν

352 1209 459 1272 καὶ
525 1209 635 1282 τὴν
694 1207 891 1273 νύκτα
953 1211 1259 1280 πολλάκις
1321 1211 1619 1275 ἐλούσατο
1684 1213 1878 1291 πρὸς
1927 1211 2300 1286 ἁγνείαν.
2372 1210 2736 1277 Secundum

350 1310 701 1398 Josephum
743 1315 1019 1400 corporis
1058 1314 1447 1392 ablutiones,
1491 1335 1647 1401 quas
1685 1314 2004 1381 Johannes
2047 1317 2566 1400 commendabat,
2602 1338 2738 1402 per-

353 1420 642 1484 tinebant
706 1420 782 1485 ad
848 1421 1198 1497 ἁγνείαν
1264 1429 1401 1486 τοῦ
1471 1430 1961 1500 ΣΩΜΑΤΟΣ,
2021 1442 2144 1487 non
2215 1423 2290 1487 ad
2364 1423 2740 1500 ἁμαρτάδων

353 1525 748 1600 παραίτησιν.
824 1525 949 1607 Qui
995 1528 1073 1591 de
1119 1547 1248 1593 uno
1296 1528 1423 1611 ait,
1473 1526 1549 1591 de
1596 1526 1794 1593 altero
1840 1535 2072 1614 negat,
2121 1535 2186 1592 et
2221 1532 2456 1594 contra.
2505 1529 2738 1594 Fuitne

352 1651 662 1716 umquam
712 1634 1090 1717 quisquam,
1138 1636 1249 1718 qui
1297 1653 1523 1718 corpus
1569 1632 1744 1698 ablui
1785 1634 2041 1718 juberet
2087 1635 2192 1714 ἐφ’
2240 1633 2738 1715 ἁμαρτάδων

352 1734 766 1815 παραιτήσειῖ
834 1738 979 1803 Non
1042 1747 1141 1804 est
1202 1739 1470 1805 arduum
1522 1739 1912 1824 respondere.
1985 1739 2298 1824 Equidem
2347 1760 2472 1805 non
2518 1761 2738 1806 omnes

349 1839 516 1930 legi,
578 1847 690 1928 qui
752 1850 1021 1931 egerunt
1080 1845 1159 1910 de
1224 1855 1639 1932 argumente,
1702 1845 1870 1930 quod
1936 1852 2206 1910 tractare
2273 1849 2554 1930 suscepi3
2627 1846 2735 1911 sed

350 1948 705 2014 multorum
772 1958 987 2016 tamen
1052 1951 1514 2035 disputationes
1576 1954 1884 2038 cognovi,
1961 1971 2229 2035 quorum
2295 1955 2552 2016 nomina
2610 1972 2736 2017 non

350 2054 740 2131 adscribam,
824 2077 973 2120 nam
1062 2055 1371 2143 Theologi
1441 2065 1675 2121 norunt
1745 2059 1852 2142 qui
1927 2060 2332 2141 potissimum
2401 2061 2736 2142 scriptores

350 2160 623 2225 adeundi
686 2164 815 2226 sint
877 2169 943 2226 et
1000 2161 1287 2248 plerique
1348 2162 1659 2248 philologi
1707 2183 1833 2227 non
1883 2169 2105 2227 curant
2149 2165 2308 2228 scire
2357 2163 2522 2247 quod
2569 2162 2735 2228 nihil

349 2264 429 2331 ad
490 2287 557 2331 se
618 2288 929 2351 suamque
992 2269 1393 2353 disciplinam
1458 2271 1787 2352 pertineat.
1877 2269 1992 2333 Est
2051 2275 2268 2334 autem
2329 2290 2494 2334 unus
2539 2290 2729 2353 quem

348 2373 731 2436 nominatim
798 2371 1189 2438 laudandum
1252 2395 1391 2439 esse
1435 2374 1640 2440 video.
1712 2374 1884 2438 Inter
1931 2373 2288 2460 Theologos
2332 2373 2734 2440 Venerabilis

348 2477 671 2542 Hoekstra
734 2477 999 2566 Collega
1064 2499 1244 2544 meus
1304 2482 1882 2545 aestumatissimus
1943 2481 2012 2544 in
2067 2480 2420 2545 Annalibus
2465 2479 2733 2545 Theolo-

345 2586 511 2671 gicis
557 2585 635 2650 de
681 2584 968 2651 Jobanne
1014 2586 1309 2670 Baptista
1355 2589 1448 2651 ita
1493 2588 1663 2673 egit,
1712 2592 1788 2649 ut
1833 2584 2042 2651 multa
2083 2605 2299 2651 eorum
2345 2607 2504 2671 quae
2541 2607 2731 2670 supra

348 2690 669 2775 disputavi
732 2690 913 2757 illinc
976 2691 1400 2758 illustrentur.
1490 2692 1707 2757 Veluti
1771 2694 2050 2776 suscepit
2103 2693 2362 2777 probare
2409 2693 2735 2757 leviticam

348 2797 543 2863 fuisse
590 2802 865 2883 corporis
912 2800 1258 2884 puritatem
1280 2846 1295 2875 ,
1346 2819 1535 2883 quam
1586 2798 1854 2863 Essenos
1899 2805 2154 2863 secutus
2199 2797 2516 2864 Johannes
2563 2820 2730 2863 com·

348 2904 711 2987 mendaret,
776 2924 891 2970 nec
954 2904 1242 2981 dubitat,
1299 2908 1532 2991 pagina
1582 2916 1677 2969 est
1728 2904 1853 2981 37,
1903 2906 2057 2989 quin
2105 2904 2182 2971 de
2227 2904 2514 2971 Johanne
2557 2903 2730 2971 Jose·

346 3010 513 3095 phus
573 3012 820 3076 veriora
878 3011 1089 3077 tradat
1158 3032 1349 3096 quam
1422 3010 1911 3097 Evangelistae‚
1983 3011 2152 3097 apud
2222 3031 2378 3095 quos
2447 3012 2728 3088 κηρύσσει

345 3117 695 3195 βάπτισμα
758 3119 1095 3195 μετανοίας
1159 3120 1244 3187 εἷς
1302 3116 1531 3194 ἄφεσιν
1598 3117 1935 3194 ἁμαρτιῶν.
2029 3115 2539 3183 Christianorum
2610 3116 2731 3182 hoo

345 3228 814 3289 sacramentum
881 3232 977 3288 est
1039 3224 1143 3303 ἐφ’
1200 3222 1581 3303 ἁμαρτάδων
1643 3224 2015 3302 παραιτήσει
2063 3229 2128 3288 et
2172 3222 2358 3288 Jesus
2404 3222 2560 3289 adeo
2605 3244 2731 3289 non

346 3328 837 3395 commendabat
882 3329 1213 3394 Leviticam
1256 3329 1439 3395 illam
1488 3333 1764 3414 corporis
1800 3332 2145 3413 puritatem
2187 3336 2262 3393 ut
2301 3336 2730 3395 contemneret

345 3436 574 3520 potius.
652 3432 887 3501 Contra
931 3456 1055 3499 non
1102 3434 1520 3500 intellexisset
1563 3433 1884 3500 Johannes
1929 3434 2097 3519 quod
2136 3436 2202 3499 in
2241 3436 2420 3500 Actis
2465 3437 2730 3519 Aposto-

343 3540 555 3606 lorum
620 3548 717 3606 est
777 3540 886 3606 22.
952 3540 1073 3605 16:
1127 3540 1449 3619 βάπτισαι
1512 3540 1619 3605 καὶ
1670 3539 2014 3606 ἁπόλουσαι
2062 3541 2178 3610 τὰς
2229 3540 2544 3619 ἁμαρτίας
2593 3564 2724 3608 σου.

344 3644 514 3711 Illud
578 3653 747 3712 certe
808 3654 1069 3732 apparet
1130 3649 1371 3712 ratione
1420 3646 1760 3731 propemod
1769 3666 1876 3709 um
1925 3647 2384 3711 mathematica
2403 3694 2420 3723 ,
2469 3649 2728 3731 periisse

343 3753 558 3817 locum
620 3752 885 3837 Josephi
942 3755 1019 3819 de
1081 3755 1437 3839 baptismo,
1499 3773 1684 3837 quem
1755 3752 1940 3817 Jesus
2009 3754 2414 3817 instituisset.
2509 3752 2728 3837 Neque

345 3858 451 3923 hic
513 3858 974 3946 negligendum
1022 3866 1121 3925 est
1167 3861 1610 3925 testimonium
1656 3857 1695 3923 J
1700 3857 1966 3923 ohannis
2011 3857 2460 3944 Evangelistae
2508 3856 2570 3922 3.
2619 3856 2728 3923 26.

439 3963 563 4045 Qui
608 3966 965 4050 probabunt
1011 3986 1119 4041 ea,
1171 3986 1333 4050 quae
1378 3986 1569 4050 supra
1616 3966 1918 4049 suspicati
1967 3984 2222 4039 sumus,
2273 3965 2471 4028 etiam
2530 3961 2726 4029 aliam

344 4072 771 4155 suspicionem
832 4073 1191 4137 examinare
1244 4078 1560 4157 poterunt.
1634 4070 1872 4136 Statim
1922 4076 2062 4155 post
2107 4072 2398 4154 spurium
2451 4070 2528 4135 de
2572 4068 2609 4135 J
2615 4090 2726 4136 esu

344 4172 599 4243 Christo
660 4178 1103 4243 testimonium
1126 4227 1143 4262 ‚
1208 4181 1496 4263 sequitur
1540 4176 1709 4262 apud
1755 4174 2103 4260 Josephum
2153 4174 2366 4260 lepida
2410 4178 2722 4254 narratio,

344 4282 659 4368 quomodo
720 4303 909 4367 eques
969 4282 1297 4348 Romanus
1362 4283 1591 4349 Decius
1652 4282 1937 4348 Mundus
2005 4284 2264 4346 nomine
2331 4282 2448 4347 sub
2518 4284 2726 4366 specie

344 4389 659 4454 Anubidis
718 4388 979 4455 latitans
1040 4388 1318 4455 nobilem
1384 4396 1744 4455 matronam
1813 4395 1874 4455 in
1921 4387 2074 4453 aede
2120 4387 2314 4453 Isidis
2361 4392 2724 4473 constupra-

342 4496 529 4561 verit.
599 4494 811 4561 Multa
872 4495 1063 4561 habet
1118 4496 1195 4561 de
1239 4494 1676 4561 Romanorum
1722 4496 1912 4560 rebus
1956 4492 2302 4577 Josephus‚
2352 4496 2720 4578 praesertim
