3436 5161
1348 388 1435 437 An
1482 389 1830 438 mmmm.
1973 394 1980 401 ·
2693 371 2782 438 93

494 547 645 636 Gap.
714 550 819 615 16.
884 554 1131 628 μᾶλλον
1193 550 1257 616 δὲ
1305 552 1491 625 αὐτὸς
1542 553 1854 632 άπάγοι
1916 556 2480 638 μοιχευθησομένην
2525 557 2784 634 άνοΙγων

402 656 522 729 τὰς
570 658 750 737 θύρας
801 658 903 721 καὶ
954 658 1395 739 μαστροπεύων
1444 659 1547 723 καὶ
1599 660 1844 730 πάντας
1895 662 1996 725 ἐπ’
2047 662 2240 735 αὐτην
2282 667 2506 727 καλῶν.
2570 662 2786 730 Habet

400 762 694 829 nonnihil
753 762 1086 830 molestiae
1149 763 1313 829 illud
1372 766 1481 830 άπ
1502 763 1608 841 Ay
1627 787 1727 846 οι;
1788 772 1966 853 patet
2021 770 2193 833 enim
2249 789 2327 835 ex
2374 770 2784 853 sequentibus

400 889 717 953 nusquam
763 870 1057 955 gentium
1106 888 1143 935 a
1180 872 1413 936 marito
1455 891 1714 937 uxorem
1758 871 1940 938 illam
1980 872 2121 938 νέαν
2161 873 2267 939 καὶ
2309 876 2508 948 καλήν
2531 876 2748 939 abduci
2767 922 2784 954 ‚

400 974 511 1040 sed
558 976 771 1059 potius
818 974 1135 1041 adulteros
1180 978 1260 1041 ab
1306 998 1377 1043 eo
1426 976 1688 1043 domum
1737 979 1996 1044 admitti
2035 985 2226 1065 atque
2265 981 2418 1048 adeo
2467 982 2784 1061 advocari.

403 1078 701 1167 Cogitavi
748 1082 828 1147 de
871 1080 1255 1176 προάγοι,
1304 1084 1471 1167 quod
1516 1084 1593 1149 de
1640 1086 1957 1151 eiusmodi
2003 1084 2332 1153 lenociniis
2380 1093 2475 1153 est
2513 1088 2781 1155 verbum

401 1185 792 1274 legitimum.

494 1411 642 1499 Gap.
702 1411 805 1479 18.
877 1413 1260 1500 Suspectum
1307 1417 1473 1483 mihi
1524 1424 1623 1483 eet
1669 1414 1746 1482 οὕ
1761 1442 1800 1482 τ
1819 1442 1862 1482 ω
1881 1442 1910 1491 ς
1959 1418 2265 1500 εὐρύτερον
2313 1440 2426 1505 pro
2465 1441 2538 1487 eo
2555 1468 2574 1505 ‚
2615 1420 2785 1505 quod

404 1522 703 1587 omnibus
765 1526 1075 1587 usitatum
1146 1530 1241 1588 est
1260 1571 1276 1601 ‚
1344 1546 1385 1586 τ
1402 1546 1429 1587 ο
1448 1546 1487 1587 o
1501 1547 1526 1589 ο
1549 1524 1582 1589 ύ
1598 1549 1637 1589 τ
1650 1550 1714 1605 ῳ.
1811 1524 2196 1591 Praecedens
2264 1526 2294 1591 ἐ
2311 1550 2362 1591 π
2377 1550 2395 1590 ι
2412 1550 2444 1606 ρ
2458 1526 2534 1605 ρέ
2553 1551 2581 1591 ο
2603 1551 2632 1591 ν
2648 1549 2689 1589 τ
2704 1550 2732 1592 ο
2752 1552 2782 1601 ς

402 1627 721 1714 syllabam
768 1651 871 1699 τος
916 1628 1201 1695 hausisse
1245 1630 1521 1695 videtur.

496 1854 650 1943 Cap.
678 1860 683 1863 ’
710 1856 818 1921 28.
875 1858 1041 1934 κάμε
1086 1858 1189 1924 τὸν
1246 1858 1491 1924 πάντων
1542 1859 1778 1923 ἐκείνων
1827 1862 2072 1940 πατέρα
2121 1862 2266 1943 [τῶν
2312 1860 2786 1935 εἰσεληλυθότων

406 1964 654 2047 κακῶν]
730 1962 888 2029 Dele
938 1964 1181 2049 puerile
1228 1964 1760 2031 additamentum.

496 2186 647 2275 Cap.
702 2190 809 2255 34.
856 2191 1005 2256 άλλ’
1050 2192 1116 2257 οὖ
1166 2194 1487 2275 χαίροντες
1538 2191 1728 2258 ἄπιτε
1777 2194 1980 2274 μιαροὶ
2029 2193 2338 2267 πάντες
2386 2194 2574 2267 ὄντες.
2620 2194 2783 2262 Her-

402 2296 757 2362 werdenuS:
834 2296 987 2363 άλλ’
1052 2298 1181 2363 οὔτι
1242 2299 1564 2379 χαίροντές
1623 2323 1703 2375 γε
1731 2349 1746 2374 ,
1811 2297 2012 2379 μιαροὶ
2079 2300 2314 2373 πάντες.
2381 2299 2612 2372 ὄντες.·
2658 2300 2785 2367 Sed

403 2401 624 2469 eadem
687 2423 878 2488 opera
923 2424 1035 2490 pro
1083 2404 1339 2469 πάντε
1365 2428 1431 2484 ς,
1480 2406 1647 2491 quod
1693 2406 1772 2471 de
1814 2407 2038 2470 duobus
2084 2405 2329 2472 dictum
2378 2408 2632 2493 probari
2675 2428 2784 2473 ne-

402 2511 573 2594 quit,
623 2530 853 2597 repone
902 2511 1242 2586 πάντως.
2413 2524 2418 2529 ’

496 2751 645 2839 Cap.
692 2752 799 2818 36.
847 2737 1022 2827 τέλοξ
1073 2753 1124 2818 δ’
1172 2752 1350 2834 ἄφνω
1396 2756 1762 2820 καταλιπὼν
1810 2752 2059 2828 οὕτως
2110 2755 2389 2830 ἀπίστως
2439 2755 2544 2821 καὶ
2573 2755 2782 2836 προδο-

402 2865 602 2931 τικῶς.
677 2857 891 2932 Οὕτως
945 2881 1069 2926 non
1116 2862 1443 2948 improbo;
1492 2862 1600 2926 sed
1646 2863 1793 2927 vide
1841 2883 1920 2926 an
1965 2861 2286 2930 Lucienus
2332 2864 2546 2948 potius
2592 2861 2781 2927 dede-

396 2965 485 3030 rit
530 2966 559 3030 ὃ
608 2991 651 3029 α
672 2967 808 3030 ὖτό
826 2990 854 3038 ς
876 3017 893 3040 .
944 2965 1111 3051 quod
1160 2987 1373 3033 amare
1418 2967 1655 3032 dicitur
1700 2968 1782 3034 ad
1824 2966 2156 3053 perfidiam
2202 2968 2776 3056 perstringendam.

491 3207 643 3296 Gap.
708 3209 813 3276 37.
876 3211 1006 3289 ἐμοὶ
1071 3210 1133 3276 δὲ
1194 3214 1376 3276 τοῦτο
1423 3211 1627 3276 ἱκανὸν
1675 3205 1744 3295 [ἦ
1759 3211 1816 3300 ν]
1872 3211 2117 3284 πάντας
2169 3212 2506 3292 άνθρώπουο
2557 3210 2781 3288 »mum

398 3316 674 3398 οἰμώζειν
719 3324 987 3389 ποιῆσαι.
1053 3316 1412 3384 Sententiae
1450 3317 1645 3384 officit
1684 3313 1722 3392 ἦ
1734 3343 1799 3396 ν,
1842 3319 2008 3404 quod
2047 3338 2224 3384 more
2260 3318 2577 3384 Lucisneo
2613 3319 2782 3403 posi-

398 3429 537 3488 tum
602 3422 768 3488 nihil
830 3423 1003 3488 aliud
1067 3422 1453 3510 significaret
1509 3441 1738 3508 quam:
1800 3425 1946 3488 mihi
2011 3427 2159 3490 eatis
2210 3435 2358 3488 esset
2402 3425 2500 3488 vel
2534 3423 2777 3508 fuisset.

399 3529 743 3595 Manifesto
805 3536 1020 3596 autem
1087 3531 1205 3595 hoc
1267 3531 1386 3595 sibi
1445 3530 1590 3594 vult
1658 3529 1924 3596 Timon:
1997 3529 2338 3596 Plutonem
2412 3549 2628 3594 rursus
2699 3527 2780 3594 ad

397 3633 615 3700 Iovem
679 3635 916 3712 abduc,
980 3638 1036 3700 si
1096 3636 1383 3712 videtur-3
1445 3633 1611 3699 nihil
1672 3637 1809 3699 eius
1868 3655 1984 3719 ope
2042 3637 2302 3723 indigeo
2318 3655 2334 3713 ;
2391 3635 2557 3699 mihi
2603 3635 2778 3698 enim

398 3740 634 3805 sufficit
695 3761 915 3807 omnes
974 3741 1263 3806 homines
1326 3739 1573 3824 plorare
1621 3741 1858 3806 iubere.
1929 3739 2024 3806 Cf.
2075 3741 2288 3806 Prom.
2339 3761 2404 3806 es
2451 3742 2520 3804 in
2565 3738 2778 3804 verbis

396 3867 529 3932 cap.
608 3847 680 3911 1:
728 3849 803 3917 ὡς
852 3831 1065 3923 ἔμοιὰε
1114 3846 1353 3924 ἱκανόν,
1408 3847 1460 3910 εἰ
1510 3847 1597 3922 μη
1645 3846 1809 3910 πάνυ
1857 3869 1946 3910 σοι
1994 3849 2183 3923 γήϊνα
2233 3843 2396 3920 ἔδοξε
2446 3855 2510 3910 et
2554 3863 2774 3908 rursus

396 3971 535 4035 cap.
600 3951 678 4016 3:
734 3953 863 4029 ἐμοὶ
912 3950 972 4016 δὲ
1024 3953 1089 4016 οὔ
1143 3955 1309 4017 πάνυ
1357 3951 1595 4030 ἱκανόν,
1643 3954 1709 4016 εἰ·
1743 3961 2104 4016 καινοποιεῖν
2151 3952 2402 4023 δοκοίην.
2474 3948 2776 4015 Ceterum

392 4056 561 4125 illud
634 4066 970 4134 ποιῆσαι
1043 4061 1138 4124 ita
1204 4061 1419 4142 capio,
1483 4063 1557 4122 ut
1618 4079 1766 4122 cum
1829 4061 1899 4124 vi
1958 4059 2234 4143 quadam
2299 4057 2541 4123 comica
2602 4055 2776 4132 παρὰ.

396 4163 756 4241 προσδοκίαν
818 4186 930 4250 pro
994 4169 1385 4229 κελεῦσαι
1466 4165 1677 4229 subito
1733 4165 2058 4229 inferatur.
2145 4163 2436 4248 Reliquis
2505 4162 2778 4227 sufficiat

396 4289 615 4335 omnes
677 4271 971 4336 homines
1016 4269 1260 4356 plorare
1306 4271 1538 4348 iubet-«23
1590 4272 1756 4335 osori
1802 4272 2052 4356 generis
2096 4271 2362 4335 humani
2408 4291 2532 4335 non
2578 4272 2775 4347 item;

394 4395 523 4442 non
560 4384 893 4443 contentus
932 4379 1089 4462 erit,
1128 4379 1253 4442 nisi
1290 4397 1509 4442 omnes
1544 4375 1848 4462 vapulent
1883 4382 1949 4442 et
1987 4395 2320 4443 aerumnas
2352 4397 2500 4444 suas
2534 4375 2778 4442 lamen·

394 4487 631 4550 tentur.
