3436 5161
1183 1130 1278 1239 L.
1347 1132 1766 1237 APULEI
1830 1132 2417 1237 APOLOGIA.

1597 1410 2009 1459 m-

1877 1640 2025 1690 edidit
2054 1641 2117 1709 G.
2154 1642 2384 1707 Krueger.
2416 1640 2633 1691 Berolini
2670 1643 2796 1707 apud
2831 1640 2997 1691 weid-

1953 1738 2151 1773 manuos
2186 1724 2332 1773 1864.

699 1870 752 1914 c.
813 1849 868 1915 I.
929 1850 1089 1915 Nam
1110 1896 1126 1929 ‚
1190 1862 1259 1913 ut
1317 1852 1667 1929 meministi,
1735 1853 1864 1916 dies
1925 1854 2137 1917 abhinc
2196 1853 2438 1939 quintus
2498 1875 2578 1916 an
2623 1860 2825 1917 mam
2870 1863 2995 1937 eet,

607 1976 734 2017 cum
796 1977 884 2019 me
940 1978 1176 2021 caueam
1211 1979 1326 2039 pro
1374 1980 1556 2023 uxore
1599 1982 1726 2022 mea
1772 1959 2131 2023 Pudentilla
2178 1961 2463 2023 adver-sua
2518 1953 2779 2023 Granios
2826 1980 2997 2039 aqere

607 2083 942 2143 aqqreeeum
999 2064 1072 2127 de
1131 2070 1435 2147 compoeito
1483 2087 1588 2129 nec
1633 2066 1971 2147 opinantem
2008 2066 2258 2147 patroni
2305 2067 2433 2129 eius
2480 2070 2765 2129 incessere
2812 2066 2997 2129 male·-

610 2167 792 2230 dictic
849 2179 908 2231 et
969 2170 1318 2233 insimulare
1361 2171 1714 2252 maqi-corum
1762 2172 2181 2243 maleficiorum
2229 2194 2299 2235 ac
2344 2173 2593 2256 denique
2637 2171 2801 2235 necis
2844 2170 2995 2234 Pon-

611 2273 772 2337 tiani
825 2274 1095 2356 priviqni
1155 2276 1269 2339 mei
1330 2298 1579 2358 coepere.
1669 2274 2037 2355 Quaeritur:
2108 2278 2291 2341 cuius
2355 2274 2645 2360 patroni?
2700 2276 2999 2353 „Scilicet

612 2374 1042 2445 Graniorum”
1107 2378 1517 2447 Oasaubonus
1578 2382 1913 2467 respondet
1969 2395 2033 2447 et
2094 2382 2289 2470 legit:
2338 2384 2587 2465 patroni
2636 2405 2849 2448 eorum.
2922 2380 2997 2453 In

610 2487 920 2573 proximis
982 2505 1130 2553 vero
1192 2492 1403 2553 orator
1444 2492 1692 2565 narrat,
1737 2508 1803 2551 se
1843 2487 2013 2553 ultro
2060 2488 2226 2565 „eos”
2266 2488 2343 2553 ad
2386 2487 2809 2554 accusandum
2851 2507 2996 2573 pro-

609 2614 905 2678 vocasse,
973 2595 1099 2674 „ibi
1145 2594 1324 2660 ver-0⁹⁹
1371 2597 1777 2660 Aemilianum
1824 2587 2005 2682 terga
2051 2595 2291 2660 dedisse
2340 2602 2403 2661 et
2450 2615 2601 2660 suae
2648 2595 2996 2660 temeritati

609 2698 885 2766 latebras
945 2703 1278 2786 quaesisse.
1365 2699 1574 2788 Igitur
1635 2708 1700 2766 et
1763 2701 2159 2767 Aemilianus
2223 2722 2443 2768 eorum
2508 2702 2669 2784 fuit,
2728 2702 2836 2785 qui
2884 2699 2997 2765 illa

609 2804 954 2872 maledicta
1001 2811 1066 2872 et
1110 2807 1380 2872 crimina
1424 2797 1781 2885 iactabant,
1830 2810 1875 2871 i.
1927 2828 1979 2872 e.
2030 2809 2155 2872 fuit
2204 2829 2365 2872 unus
2410 2829 2489 2874 ex
2535 2809 2651 2886 iia,
2704 2807 2815 2892 qui
2854 2827 2996 2872 cau·

609 2933 750 2978 sam
798 2910 1185 2980 Graniorum
1233 2913 1532 2979 adversus
1579 2912 2019 2978 Pudentillam
2070 2914 2361 2999 agebant.
2437 2913 2507 2979 In
2548 2915 2793 2998 optimo
2833 2910 2997 2977 libro

610 3053 808 3100 manu
867 3037 1102 3120 scripto
1161 3035 1213 3100 F
1275 3035 1495 3120 (codex
1543 3035 2009 3100 Laurentianus
2056 3032 2161 3099 68.
2215 3035 2307 3120 2.)
2353 3033 2595 3121 legitur
2629 3017 2831 3082 patrous
2870 3086 2996 3147 me.

610 3168 910 3255 Suspicor
969 3169 1276 3260 eosdem,
1323 3172 1432 3256 qui
1493 3173 1562 3234 in
1620 3190 1809 3235 causa
1872 3170 2229 3254 Apuleiana
2291 3169 2657 3237 Aemiliano
2727 3172 2993 3250 adsunt,

537 3262 542 3268 ’
609 3296 736 3342 una
794 3296 944 3342 cum
1006 3278 1144 3361 ipso
1206 3278 1400 3342 etiam
1465 3297 1722 3342 causam
1787 3274 2175 3342 Graniorum
2241 3278 2450 3362 egisse
2519 3282 2585 3341 et
2652 3277 2999 3343 Aemiliani

607 3404 840 3448 nomen
888 3403 923 3447 e
967 3382 1106 3448 loco
1150 3386 1365 3448 nostro
1413 3383 1757 3466 excidisse,
1800 3389 1875 3446 ut
1912 3383 2139 3447 fuerit:
2183 3405 2309 3445 cum
2348 3400 2437 3446 me
2474 3419 2561 3431 -
2604 3407 2710 3448 nec
2749 3384 2997 3466 opinan-

609 3497 722 3554 tem
761 3490 1168 3554 AnmLuNUS
1199 3494 1568 3571 patroniQUB
1608 3491 1737 3553 eiua
1772 3491 2062 3553 incenset-e
2098 3489 2429 3552 maledictis
2455 3499 2513 3550 et
2536 3489 2886 3554 insimulare
2911 3527 2992 3536 —

609 3617 861 3678 coepere.
908 3593 1010 3658 Ita
1050 3593 1312 3659 demum
1355 3597 1596 3680 optime
1644 3616 1794 3660 mox
1843 3600 2179 3680 sequetur:
2228 3593 2329 3658 Ibi
2353 3616 2487 3658 vero
2514 3596 2992 3658 Aemilianus——

606 3723 888 3788 quaerere
933 3701 1155 3786 occepit
1199 3723 1271 3765 ea·
1315 3701 1652 3784 diffidentia
1699 3703 2014 3766 latibulum
2061 3701 2309 3786 aliquod
2330 3701 2670 3764 temeritati.
2694 3699 2997 3779 „Patroni

607 3807 996 3874 Aemiliani'’
1046 3813 1482 3874 memorantur
1527 3829 1582 3873 c.
1630 3806 1705 3872 V.

703 4042 755 4087 ο.
819 4019 902 4085 11.
968 4023 1127 4107 quod
1180 4027 1246 4084 tu
1301 4043 1427 4084 cum
1476 4020 1886 4086 sotter-timim
1932 4020 2451 4084 animadverticeee
2497 4024 2555 4083 et
2598 4018 2821 4084 idcirco
2870 4041 2995 4082 eum

610 4129 802 4192 denuo
847 4127 1121 4190 iussis-see
1157 4131 1424 4209 proprior
1447 4126 1682 4190 nomine
1728 4126 2155 4189 accusationem
2206 4127 2465 4189 delatam
2503 4109 2828 4206 sustinere,
2867 4125 2997 4206 pol·

611 4232 816 4297 licitus
872 4232 964 4297 ita
1003 4231 1327 4316 facturum
1345 4279 1360 4310 ,
1427 4255 1502 4295 ne
1555 4237 1641 4295 cic
1685 4232 1918 4317 quidem
1965 4238 2163 4316 quitus
2210 4237 2301 4304 eet,
2318 4278 2334 4308 ,
2386 4238 2452 4294 ut
2498 4229 2757 4293 cominus
2802 4237 2999 4310 aqeret

590 4339 882 4423 percelli,
937 4339 1042 4402 ced
1083 4338 1202 4401 iam
1250 4345 1306 4403 et
1354 4340 1636 4402 adversus
1673 4346 1731 4402 te
1770 4336 2191 4402 contumaciter
2229 4338 2457 4402 eminus
2498 4337 2813 4400 calumniis
2852 4335 2998 4400 veli-

609 4452 796 4512 tatur.
867 4443 1077 4532 Lego:
1127 4453 1186 4510 et
1231 4447 1518 4510 adversus
1567 4454 1625 4508 te
1671 4452 2003 4510 contumax.
