3436 5161
622 351 758 419 266
1483 371 1760 423 mnus
1803 371 2142 424 sosarnus.

622 538 926 611 πολλάκις
979 538 1014 614 ἢ
1061 538 1482 620 καταπροδοὺς
1529 541 1639 614 την
1688 537 1959 617 πατρίδα
2010 537 2115 604 καὶ
2165 539 2274 613 τήν
2322 538 2795 617 ἑμπιςευθεῑσαν
2832 538 3009 619 αὐτῷ

623 645 973 727 ςρατηγίαν
1035 644 1295 725 ὑβρίσας
1317 692 1334 724 ,
1397 645 1686 726 εὐτυχεῖν
1752 644 1900 726 παρ’
1947 639 2031 718 οἷς
2078 647 2445 723 πολεμήσων
2492 643 2807 726 ἐπέμφθη.
2872 643 3009 710 Un-

623 751 850 816 denam
915 757 1216 839 cognorat
1274 751 1587 837 Josephus
1643 751 1967 817 Romanos
2027 751 2148 817 sibi
2212 753 2467 817 veniam
2522 771 2657 816 esse
2704 747 3008 816 daturos?

621 855 766 923 Hoc
820 859 980 922 scire
996 905 1012 936 ‚
1061 859 1282 943 opinor
1304 905 1320 936 ,
1367 857 1706 943 proditoris
1754 861 1869 924 est.
1942 855 2069 924 Sed
2115 856 2351 924 fidebat
2396 857 2658 923 fortasse
2706 877 3005 924 mansue-

623 963 847 1028 tudine
902 969 966 1028 et
1027 962 1367 1030 clementia
1427 963 1863 1031 Romanorum
1887 1012 1904 1041 ‚
1964 965 2077 1049 qui
2134 964 2437 1049 superbos
2484 963 2799 1030 debellare
2844 963 3007 1030 sole-

621 1070 774 1135 bant
835 1075 902 1136 et
962 1090 1215 1156 parcere
1275 1071 1560 1136 devictis.
1652 1071 1823 1136 Fieri
1884 1075 2093 1156 potest
2158 1075 2223 1135 et
2292 1069 2538 1155 reliqua
2606 1069 3002 1148 videbimus,

618 1175 784 1241 illud
849 1182 1060 1242 tamen
1116 1183 1381 1242 eventus
1428 1177 1674 1262 docuit,
1726 1174 2069 1264 magnifica
2111 1176 2307 1244 verba
2353 1177 2434 1242 ad
2478 1175 2761 1242 nihilum
2806 1177 3005 1241 fuisse

618 1282 908 1368 redacta3
955 1304 1105 1349 nam
1153 1285 1208 1348 si
1256 1283 1410 1369 quid
1457 1288 1745 1360 constat,
1793 1283 1915 1348 hoc
1966 1288 2134 1350 certe
2180 1287 2428 1350 constat
2464 1303 2615 1348 eum
2648 1302 2761 1367 pro
2798 1284 3007 1367 patria

601 1393 892 1453 mortem
953 1393 1246 1473 oppetere
1313 1387 1614 1454 noluisse.
1706 1387 1851 1474 Ipse
1922 1389 2121 1454 tradit
2189 1389 2507 1474 quomodo
2575 1386 3005 1473 Vespasianus

619 1495 846 1562 vivum
901 1496 1139 1579 ceperit
1184 1493 1287 1558 τὸν
1335 1493 1906 1560 συνετώτατον
1954 1488 2107 1558 εἶναι
2154 1492 2445 1560 δοκοῦντα
2490 1499 2608 1558 τῶν
2654 1493 3004 1572 πολεμίων,

620 1598 782 1665 Bell.
830 1599 982 1666 Jud.
1032 1599 1094 1666 3.
1149 1599 1209 1667 7.
1253 1599 1316 1666 3.

709 1705 782 1770 In
833 1706 1158 1792 lotapatae
1204 1707 1528 1772 obsidione
1573 1709 1859 1793 primum
1905 1708 2141 1772 frustra
2182 1706 2402 1790 fugere
2448 1712 2713 1773 conatus
2756 1707 2999 1772 fuerat:

619 1810 782 1876 Bell.
846 1810 994 1877 Jud.
1062 1810 1124 1878 3.
1184 1812 1248 1880 ’7.
1317 1812 1432 1878 15:
1499 1813 1602 1878 καὶ
1671 1815 1817 1880 τότε
1878 1815 2163 1888 Ἰώσηπος
2215 1815 2329 1891 μὲν
2376 1813 2484 1886 τήν
2532 1812 2711 1878 πόλιν
2756 1813 2865 1880 οὐκ
2912 1813 2999 1884 εἷς

620 1917 868 1999 μακρὰν
916 1917 1181 1994 ἀνθέξειν
1228 1920 1404 1998 δρῶν,
1454 1919 1515 1984 ἐν
1563 1918 1769 2001 ἀπόρῳ
1817 1919 1883 1986 δὲ
1930 1920 2039 1992 τὴν
2085 1921 2307 1985 ἑαυτοῦ
2355 1918 2657 1999 σωτηρίαν
2701 1920 2753 1984 εἰ
2802 1917 2998 1996 μένοι,

620 2024 890 2104 δρασμὸν
952 2021 1098 2102 ἅμα
1158 2033 1284 2097 τοῖς
1347 2024 1624 2096 δυνατοῖς
1679 2026 2067 2104 ἐβουλεύετο.
2136 2024 2264 2092 Sed
2310 2023 2573 2092 oonsilio
2619 2023 3003 2109 deprehenso

619 2135 931 2195 retractus
979 2129 1184 2195 fuerat
1231 2130 1311 2195 ab
1358 2131 1692 2217 oppidanis
1738 2135 1921 2198 iratis
1968 2139 2033 2198 et
2080 2135 2159 2197 de
2206 2123 2343 2198 sua'
2368 2130 2573 2198 salute
2618 2131 3003 2215 desperanti-

621 2237 760 2302 bus.
833 2234 1074 2302 Deinde
1126 2257 1349 2322 operae
1407 2241 1688 2324 pretium
1753 2246 1849 2304 est
1918 2239 2172 2323 audire,
2242 2238 2397 2324 quid
2465 2243 2687 2322 postea
2752 2236 3003 2302 fortiter

619 2343 858 2408 fecerit.
944 2341 1148 2428 Capta
1211 2344 1366 2410 urbe
1427 2365 1539 2430 per
1599 2345 1843 2411 medios
1902 2345 2115 2410 hostes
2179 2343 2465 2427 δαιμονίῳ
2529 2343 2645 2410 τινὶ
2710 2343 3003 2426 συνεργία

618 2447 1008 2531 χρησάμενος
1055 2449 1222 2516 clam
1271 2451 1568 2516 omnibus
1612 2451 1745 2517 dux
1780 2451 1996 2516 desilit
2032 2453 2101 2516 in
2140 2455 2410 2536 puteum
2426 2498 2445 2529 ‚
2483 2469 2758 2537 quocum
2782 2449 3004 2515 cohae-

617 2557 798 2621 rebat
851 2555 1184 2643 spelunea:
1250 2555 1336 2629 είς
1398 2580 1536 2623 τινα
1599 2555 1801 2635 βαθὺν
1865 2556 2131 2636 λάκκον,
2182 2551 2225 2640 ᾦ
2274 2556 2490 2623 πλατὺ
2538 2558 2841 2633 σπήλαιον
2889 2553 3004 2622 διέ-

619 2662 855 2743 ζευκτο.
927 2662 1204 2729 Offendit
1265 2664 1359 2728 ibi
1416 2664 1841 2751 quadraginta
1894 2663 2137 2730 nobiles
2198 2666 2405 2749 viros,
2468 2670 2584 2729 τῶν
2655 2662 2999 2739 ἐπισήμων,

615 2776 680 2835 et
727 2776 1194 2855 comportatum
1241 2770 1483 2847 fuerat,
1545 2770 1711 2855 quod
1760 2769 1840 2835 ad
1888 2772 2137 2837 victum
2187 2789 2299 2854 per
2343 2768 2817 2855 complusculos
2866 2767 3005 2833 dies

613 2875 897 2942 sufficere
935 2880 1200 2959 poterat.
1251 2874 1458 2940 Biduo
1495 2882 1638 2959 post
1675 2874 1911 2941 inclusi
1953 2875 2245 2941 homines
2284 2878 2496 2941 neseio
2540 2876 2723 2961 cujus
2761 2872 3001 2939 indicio

618 2980 1171 3067 deprehenduntur
1215 2984 1282 3047 et
1317 2980 1646 3046 Romanus
1694 2984 2042 3067 imperator
2084 2982 2297 3045 mittit
2345 2980 2505 3047 duos
2532 2980 2852 3063 tribunos,
2892 2979 3005 3063 qui

617 3086 740 3153 fide
803 3087 950 3151 data
1009 3085 1048 3152 J
1051 3086 1358 3171 osephum
1416 3086 1664 3171 prodire
1716 3088 2003 3171 jubeant.
2074 3086 2289 3173 Negat
2348 3084 2389 3151 J
2392 3086 2665 3171 osephus
2712 3090 3005 3151 metuens

617 3195 901 3260 hostium
967 3192 1332 3279 perfidiam,
1395 3192 1591 3259 donec
1653 3191 2075 3278 Vespasianus
2138 3192 2420 3277 tandem:
2468 3190 2733 3257 tertium
2804 3190 3009 3255 tribu—

615 3321 772 3365 num
827 3301 1037 3364 mittit
1083 3298 1502 3381 Nicanorem,
1549 3300 1845 3379 γνώριμον
1895 3300 1981 3379 τῷ
2028 3296 2299 3378 Ἰωσήπῳ
2349 3296 2453 3362 καὶ
2502 3296 2722 3372 συνήθη
2773 3294 3003 3361 πάλαι.

616 3404 762 3470 Jam
811 3406 880 3469 in
927 3425 1001 3470 eo
1031 3390 1143 3469 ‘est
1187 3408 1264 3469 ut
1307 3424 1376 3468 se
1421 3403 1727 3470 Romanis
1752 3404 1986 3489 ‚tradat
2031 3410 2097 3469 et
2143 3402 2489 3481 ἀνάμνησις
2540 3404 2710 3485 αὐτῷ
2749 3408 2866 3469 τῶν
2903 3402 3005 3468 διὰ

620 3512 828 3582 νυκτὸς
892 3510 1117 3591 ὀνείρων
1182 3509 1570 3591 εἰσέρχεται,
1633 3511 1707 3575 δι’
1773 3506 1847 3573 ὦν
1896 3511 1923 3573 δ
1975 3510 2101 3582 θεὸς
2150 3507 2269 3581 τάς
2317 3534 2387 3573 τε
2433 3510 2791 3589 μελλούσας
2840 3524 3004 3587 συμ-

618 3616 815 3697 Φοροὶς
879 3618 1048 3693 αὐτῷ
1109 3619 1550 3695 προεσήμαινεν
1613 3616 1914 3682 Ἰουδαίων
1978 3615 2083 3681 καὶ
2147 3617 2235 3681 τὰ
2300 3616 2435 3697 περὶ
2497 3614 2638 3688 τοὺς
2688 3615 3006 3694 Ῥωμαίων

620 3721 933 3800 βασιλέας
988 3722 1286 3799 ἐσόμενα·
1335 3715 1402 3796 ἦν
1449 3722 1513 3787 δὲ
1561 3721 1664 3785 καὶ
1717 3722 1851 3803 περὶ
1902 3722 2122 3803 κρίσεις
2170 3724 2398 3801 ὀνείρων
2448 3723 2653 3795 ἱκανὸς
2707 3719 3005 3800 συμβάλ-

619 3844 744 3895 λειν
810 3829 896 3893 τοὶ
958 3827 1339 3909 ἀμφιβόλως
1407 3826 1521 3892 ὑπὸ
1583 3834 1690 3893 τοῦ
1756 3829 1889 3893 θεοῦ
1956 3827 2297 3907 λεγόμενα.
2392 3826 2516 3894 Sed
2585 3829 3007 3913 inopportune

619 3936 1019 4001 intercedunt
1078 3933 1582 4001 commilitones:
1648 3932 1975 4015 Φιλοζωεῒς
2040 3936 2297 4009 Ἰώσηπε
2346 3934 2451 4000 καὶ
2500 3941 2633 4015 φῶς
2684 3936 3003 4012 ὑπομενεῖς

621 4043 760 4124 ὃρᾶν
822 4042 1066 4117 δοῦλοςς
1125 4044 1201 4113 ὥς
1263 4038 1512 4119 ταχέως
1577 4040 1881 4108 ἐπελάθου
1944 4046 2197 4107 σαυτοῦ.
2284 4041 2527 4107 Deinde
2573 4046 2716 4127 post
2762 4040 3006 4107 multas

622 4148 922 4233 ambages
940 4194 956 4223 ‚
1012 4167 1160 4212 nam
1221 4147 1378 4211 haec
1439 4148 1655 4213 omnia
1701 4168 1863 4233 quae
1911 4147 2189 4213 breviter
2235 4148 2527 4225 narravi,
2575 4147 2743 4232 apud
2788 4147 3004 4231 ipsum

621 4253 658 4319 J
663 4251 969 4337 osephum
1026 4272 1137 4337 per
1199 4252 1412 4337 plures
1457 4254 1725 4339 pag-inas
1772 4252 2072 4319 flebiliter
2117 4252 2557 4331 decantantur,
2616 4254 2818 4317 initur
2862 4272 3007 4317 con-

621 4359 840 4425 silium
889 4360 1206 4424 versutiae
1253 4359 1522 4423 minime
1570 4358 1881 4445 vulg-aris.
1954 4358 2234 4425 Auctore
2278 4357 2315 4423 J
2321 4358 2586 4443 osepho‚
2634 4377 2855 4423 omnes
2892 4359 3007 4443 qui

620 4465 689 4530 in
736 4471 918 4530 antro
963 4462 1196 4528 inclusi
1231 4464 1527 4550 jacebant
1570 4462 1737 4529 alter
1772 4462 2082 4549 alterum,
2122 4484 2311 4549 quem
2350 4484 2484 4530 sors
2522 4464 3003 4551 designaverat.
