3436 5161
1401 300 1716 351 nonnus.
2242 232 2266 244 ’
2616 284 2749 350 415

333 474 761 558 propag-atae
805 491 882 536 ex
925 469 1040 536 illo
1087 474 1370 557 tempore
1410 490 1536 555 quo
1574 467 1897 535 Homerus
1934 471 2279 556 putabatur
2318 471 2396 537 de
2432 471 2747 537 industria

335 583 635 642 cunctas
679 577 1042 643 adhibuisse
1089 576 1392 644 dialectos
1436 597 1694 664 graecas
1741 581 1805 642 et
1850 578 1989 642 iure
2034 579 2276 661 poetico
2316 577 2747 642 diversissima

337 685 834 748 contaminasse
860 663 933 768 ¹).
1002 683 1062 748 N
1066 704 1136 748 eo
1185 684 1425 747 mirum
1471 686 1537 746 in
1585 684 1739 746 artis
1785 684 2244 769 grammaticae
2280 685 2551 766 pueritia
2579 685 2747 748 viros

335 789 584 854 doctos
651 791 744 854 ita
805 790 1092 874 opinatos
1153 789 1384 865 fuisse;
1445 809 1596 854 nam
1662 788 1886 874 quidni
1936 795 2263 872 poetarum
2313 791 2399 853 sit
2442 789 2743 854 dialectos

334 897 748 980 permiscere
765 943 783 978 ,
831 897 886 959 si
931 915 1228 961 numeros
1247 943 1264 973 ,
1311 917 1491 960 casus
1510 943 1527 973 ,
1575 915 1809 983 genera
1852 894 2141 960 consulto
2176 894 2565 980 perturbent.
2610 894 2743 960 Ho-

335 1002 456 1066 die
524 1007 751 1067 tamen
813 1001 998 1072 aliter
1054 1002 1376 1069 iudicatur
1435 1021 1638 1087 neque
1696 1002 1853 1067 talia
1896 999 2181 1067 refellere
2225 1000 2430 1067 adhuc
2476 1006 2745 1087 oportet.

335 1107 532 1183 Quid
608 1110 812 1194 igitur
877 1110 944 1172 in
1014 1128 1201 1174 causa
1269 1113 1368 1172 est
1437 1107 1604 1193 quod
1672 1106 1862 1173 modo
1932 1104 2145 1184 ἄμμες
2205 1106 2486 1195 legimus
2553 1107 2745 1173 modo

337 1211 588 1293 ἧμεῖςῗ
634 1213 966 1299 Numquid
1015 1213 1395 1280 alterutrum
1441 1217 1653 1304 magis
1699 1216 2019 1299 poeticum
2067 1211 2288 1279 sonat?
2334 1213 2541 1279 Nemo
2580 1216 2743 1279 serio

335 1321 472 1386 hoc
516 1317 860 1385 contendat
899 1322 1137 1406 opinor.
1185 1319 1403 1386 Unum
1445 1321 1708 1386 interest
1747 1320 2082 1385 discrimen
2118 1318 2457 1386 metricum
2471 1368 2491 1404 ,
2513 1339 2744 1405 nempe

336 1425 644 1492 alterum
689 1426 1038 1511 spondeum
1085 1425 1277 1494 efficit
1295 1475 1312 1505 ,
1365 1427 1637 1493 alterum
1676 1426 2079 1510 trochaeum3
2122 1431 2367 1490 caetera
2406 1427 2579 1492 enim
2604 1428 2743 1511 qui-

335 1534 474 1598 bus
525 1532 771 1598 formae
817 1531 1031 1610 ἄμμες
1071 1539 1136 1600 et
1174 1532 1380 1611 ὔμμες
1421 1535 1502 1600 ab
1537 1533 1755 1599 alteris
1778 1532 2167 1617 discrepant,
2192 1531 2445 1617 psilosis
2468 1532 2739 1610 aeolica,

338 1644 661 1705 accentus
722 1658 897 1704 more
943 1639 1178 1706 aeolico
1227 1661 1264 1706 a
1309 1642 1649 1726 posteriore
1695 1638 1947 1726 syUaba
1990 1644 2272 1704 remotus
2314 1641 2381 1703 in
2426 1641 2698 1724 priorem
2716 1684 2737 1716 ,

337 1744 604 1812 vocalis
647 1769 691 1810 οι
736 1765 850 1830 pro
893 1771 930 1820 n
951 1793 967 1822 ,
1023 1746 1211 1813 litera
1255 1771 1306 1823 μ
1352 1748 1679 1834 geminata
1696 1793 1716 1829 ‚
1759 1765 1833 1810 ea
1882 1746 2097 1811 omnia
2147 1747 2465 1831 pertinent
2510 1746 2589 1814 ad
2636 1767 2738 1810 so-

337 1850 488 1917 lam
539 1851 1057 1938 orthographiam
1077 1901 1097 1936 ,
1143 1873 1346 1939 neque
1387 1855 1646 1918 maioris
1684 1858 1834 1916 sunt
1872 1853 2179 1916 momenti
2223 1871 2414 1936 quam
2454 1851 2741 1936 quaestio

339 1960 526 2024 sitne
590 1957 958 2034 ἐννοσίγαιος
1012 1959 1415 2025 scribendum
1467 1979 1548 2024 an
1594 1957 1992 2035 εἷνοσίγαιος,
2042 1963 2108 2022 et
2152 1956 2428 2040 similia,
2475 1957 2553 2022 de
2600 1958 2739 2043 qui-
2796 1948 2801 1958 ¹

340 2063 474 2128 bus
541 2063 865 2148 disputare
918 2085 1146 2148 parum
1195 2065 1356 2132 utile
1402 2072 1515 2130 aut
1557 2063 1913 2130 iucundum
1960 2068 2075 2128 est.
2146 2060 2381 2130 Contra
2424 2048 2596 2129 haud
2642 2066 2737 2128 in·

341 2169 558 2256 dig-na
637 2172 707 2234 in
776 2190 972 2256 quam
1039 2174 1395 2256 inquiratur
1464 2171 1720 2236 videtur
1788 2172 2103 2255 quaestio,
2176 2169 2450 2235 fueritne
2517 2190 2737 2235 revera
2842 2205 2847 2217 ·

339 2277 667 2360 posterior
717 2275 967 2363 syllaba
1012 2277 1362 2342 formarum
1409 2278 1587 2350 ἡμεῖς
1637 2281 1702 2342 et
1751 2276 1926 2351 ὑμεῖς
1972 2296 2089 2340 sua
2134 2277 2201 2341 vi
2245 2275 2584 2360 producta3
2630 2277 2733 2340 vi-

340 2383 584 2448 demus
628 2385 799 2446 enim
847 2382 1019 2448 haud
1066 2403 1206 2448 raro
1254 2404 1395 2448 eam
1444 2385 1708 2467 corripi,
1757 2402 1985 2466 nempe
2030 2383 2112 2446 iis
2157 2381 2315 2446 locis
2359 2380 2473 2447 ubi
2517 2379 2732 2459 ἄμμες

344 2494 416 2552 et
467 2487 676 2564 ὔμμες
725 2488 996 2552 scribere
1041 2491 1238 2553 moris
1282 2494 1398 2553 est.

442 2594 685 2659 Parum
747 2595 813 2658 id
879 2595 1043 2659 mihi
1101 2594 1452 2660 verisimile
1495 2594 1833 2661 videbatur
1880 2595 2047 2660 binis
2092 2594 2169 2659 de
2214 2597 2439 2660 causis.
2509 2594 2729 2661 Primo

345 2700 524 2785 quod
569 2698 735 2764 illud
782 2706 902 2769 -εῖς
948 2706 1174 2765 natum
1223 2705 1318 2765 est
1371 2721 1448 2766 ex
1495 2703 1919 2775 contractione
1939 2748 1957 2777 ,
1991 2721 2184 2785 quam
2224 2703 2291 2766 in
2316 2698 2593 2770 Homero
2616 2704 2729 2767 vix

345 2824 638 2891 unquam
685 2826 819 2870 esse
867 2804 1358 2884 admittendam,
1411 2812 1633 2892 utpote
1669 2807 1747 2872 ab
1789 2808 1927 2872 eius
1963 2806 2189 2895 lingua
2212 2807 2510 2884 alienam,
2541 2808 2729 2874 hodie

346 2918 639 2978 constare
686 2911 939 2977 dixeris.
1001 2911 1334 2977 Praeterea
1378 2911 1548 2978 haud
1596 2912 1846 2977 diversa
1890 2917 2040 2977 sunt
2087 2911 2394 2977 vocabula
2440 2916 2616 2989 ἡμεῖς
2665 2916 2729 2979 et

348 3016 570 3093 ἄμμες
590 3063 608 3095 ,
673 3017 845 3095 ὑμεῖς
907 3023 972 3083 et
1032 3016 1235 3094 ὔμμες
1255 3063 1272 3095 ,
1335 3016 1443 3083 sed
1491 3020 1675 3083 unice
1720 3017 1989 3083 dialecto
2034 3018 2389 3103 discrepant
2435 3024 2547 3083 aut
2593 3018 2729 3083 dis-

341 3143 608 3209 crepare
667 3122 992 3209 seruntur3
1053 3124 1238 3209 plane
1298 3122 1426 3189 alia
1485 3144 1583 3189 res
1645 3129 1781 3189 erat
1840 3144 1990 3189 cum
2048 3128 2117 3189 in
2162 3124 2445 3209 duplices
2490 3125 2725 3191 formas
2772 3145 2777 3155 ·

350 3228 538 3307 ἄμμε
583 3234 648 3295 et
693 3236 789 3293 νῶι
809 3280 828 3303 ,
879 3228 1052 3306 ὔμμε
1099 3236 1164 3295 et
1210 3235 1369 3312 σφῶι
1418 3232 1896 3315 inquirebamus
1916 3278 1932 3309 ,
1980 3251 2141 3316 quae
2179 3252 2215 3296 a
2254 3230 2521 3296 diversis
2560 3232 2725 3297 radi-

349 3337 534 3402 cibus
577 3342 726 3401 sunt
771 3336 1098 3401 formatae.
1169 3336 1468 3422 Quisquis
1525 3340 1731 3425 igitur
1776 3357 1901 3402 non
1949 3337 2147 3403 credit
2192 3337 2482 3422 pluribus
2528 3336 2725 3403 simul

349 3441 640 3523 dialectis
691 3448 933 3507 veteres
979 3446 1196 3527 poetas
1243 3463 1388 3508 usos
1432 3442 1626 3509 fuisse
1646 3492 1664 3526 ‚
1734 3446 2031 3521 nonnisi
2073 3443 2460 3509 reluctanter
2504 3464 2723 3509 conce-

351 3549 488 3625 det,
557 3553 622 3613 et
682 3551 862 3624 ἡμεῖς
926 3547 1100 3625 ὑμεῖς
1164 3556 1228 3614 et
1289 3546 1500 3625 ἄμμες
1567 3548 1771 3627 ὔμμες
1832 3569 2019 3616 suum
2085 3551 2207 3615 sibi
2252 3552 2319 3614 in
2364 3548 2723 3621 Homericis

346 3654 560 3719 locum
625 3654 885 3731 habere,
951 3654 1058 3721 vel
1116 3661 1188 3720 ut
1251 3658 1681 3740 quaestionem
1746 3657 2120 3722 arctioribus
2172 3655 2403 3721 finibus
2450 3658 2721 3722 circum-

346 3759 730 3838 scribamus,
792 3759 1101 3847 neglectis
1157 3763 1449 3827 miuutiis
1509 3762 2051 3847 orthographicis:
2112 3764 2561 3847 pronominum
2614 3784 2721 3825 nos

349 3871 414 3931 et
473 3888 573 3930 vos
629 3868 707 3932 ab
766 3866 1048 3933 Homero
1111 3870 1516 3952 posteriorem
1580 3866 1898 3954 syllabam
1958 3868 2145 3934 modo
2204 3867 2466 3953 produci
2530 3867 2717 3933 modo

345 3992 596 4058 corripi.

418 4261 472 4325 1)
507 4258 572 4317 ὥς
605 4257 661 4309 οὑ
697 4262 839 4321 μόνον
873 4257 981 4327 ἰξὸν
1017 4258 1185 4323 αὑτῷ,
1219 4278 1340 4326 quae
1373 4266 1484 4313 suut
1521 4262 1686 4313 Dionis
1721 4263 2047 4327 chrysostomi
2079 4264 2222 4313 verba
2250 4264 2321 4325 (in
2350 4265 2581 4315 Oratione
2609 4266 2682 4315 XI
2700 4303 2715 4325 ,

346 4342 462 4401 815)
495 4342 592 4399 τὰς
625 4339 789 4399 ἄλλως
821 4340 1066 4405 γλώττας
1101 4340 1324 4405 μιγνύειν
1357 4346 1454 4402 τὰς
1489 4348 1588 4393 τῶν
1624 4342 1895 4402 Ἑλλήνων,
1926 4344 2009 4393 καὶ
2040 4345 2169 4394 ποτὲ
2198 4346 2289 4409 μὲν
2306 4344 2713 4412 αἷσλίζειν,ποτὶ

347 4418 400 4469 δὲ
435 4418 680 4487 δωρίζειν,
713 4421 841 4471 ποτὶ
875 4420 929 4471 3³
964 4421 1152 4487 ἷάζειν,
1183 4423 1322 4473 ἀλλὰ
1361 4424 1447 4475 καὶ
1477 4422 1652 4475 διαστὶ
1683 4423 2019 4489 διαλέγεσθαι.
