3436 5161
623 437 634 461 ,
671 338 807 404 292
1745 355 1990 405 monuo,

668 540 794 587 non
833 520 1095 606 praedas
1139 524 1343 608 agunt
1365 567 1382 598 ,
1433 518 1542 584 sed
1597 518 1925 584 advehunt
1980 522 2155 604 ipsae
2221 519 2481 584 aliunde
2540 524 2653 584 aut
2711 521 3063 602 importata

668 628 1007 711 accipiunt.
1085 625 1302 708 capere
1347 644 1460 710 pro
1507 645 1582 690 eo
1619 625 1790 710 quod
1830 631 1927 689 est
1965 624 2231 708 accipere
2272 624 2399 690 dici
2439 645 2567 689 non
2604 629 2848 709 potest3
2886 623 3061 709 quod

667 735 724 798 si
783 731 890 797 vel
952 734 1232 796 maxime
1293 736 1505 816 posset
1525 777 1543 810 ,
1609 752 1733 796 non
1787 738 1961 796 recta
2023 738 2187 796 esset
2249 731 2597 817 oppositio;
2660 749 2804 794 nam
2858 731 3057 795 etiam

665 843 1011 923 importata
1072 839 1488 922 accipiuntur.
1579 837 1713 902 Neo
1775 838 2105 919 rapiuntur
2164 836 2569 902 commodam
2612 835 2875 920 praebet
2919 855 3055 900 sen·

664 946 974 1020 tentiam;
1024 949 1274 1027 raptare
1319 962 1443 1007 non
1491 941 1664 1008 cadit
1706 943 1777 1006 in
1825 940 1971 1008 illas
2021 945 2337 1008 civitates.
2380 979 2465 992 —
2504 941 2837 1025 Importa're
2871 959 3057 1007 voca-

663 1047 890 1114 bulum
937 1051 1264 1133 proprium
1311 1053 1408 1112 est
1445 1048 1525 1113 de
1567 1049 1887 1112 mercibus
1922 1068 1961 1112 a
1998 1050 2352 1134 peregrinis
2394 1067 2509 1112 suo
2549 1053 2756 1113 marte
2786 1053 2851 1111 et
2893 1049 3053 1130 peri-

663 1153 806 1218 culo
859 1154 1142 1219 advectis
1164 1200 1181 1230 ‚
1245 1160 1318 1218 ut
1379 1159 1686 1219 emtorem
1744 1155 2095 1218 inveniant.
2168 1153 2316 1218 Alia
2361 1153 2441 1218 ab
2488 1155 2644 1238 ipsis
2687 1154 2937 1217 civibus
2981 1155 3053 1216 in

661 1281 808 1324 suos
855 1281 1008 1324 usus
1053 1259 1324 1324 navibus
1371 1258 1717 1324 afferuntur
1766 1265 1875 1323 aut
1924 1279 2039 1323 suo
2079 1265 2299 1324 sumtu
2342 1267 2748 1322 arcessuntur.
2809 1258 3053 1344 Legen-

656 1365 812 1432 dum
862 1372 1018 1450 puto
1063 1386 1190 1429 uua
1241 1364 1458 1429 littera
1507 1372 1759 1429 mutata
1806 1369 2139 1428 acciuntur.
2214 1364 2505 1430 Verbum
2556 1370 2751 1428 accire
2794 1385 2907 1449 pro
2944 1387 3051 1427 ar·

656 1473 928 1536 cauendo
976 1469 1311 1555 aliquoties
1359 1472 1573 1555 posuit
1618 1468 1863 1536 Cicero.
1936 1469 2150 1558 Vulgo
2199 1477 2547 1556 utrumque
2592 1492 2741 1536 cum
2790 1492 3049 1536 accusa-

657 1580 793 1643 tivo
849 1598 1150 1662 personae
1195 1579 1490 1663 iungitur
1539 1577 1824 1664 (regem,
1874 1577 2152 1654 auxilia,
2204 1581 2442 1660 socios,
2490 1582 2745 1656 simm.;
2794 1576 3049 1643 Cicero:

656 1686 940 1748 accivere
1001 1704 1262 1767 pueros,
1329 1687 1384 1747 si
1448 1684 1608 1769 (me)
1671 1685 1992 1768 accierit),
2056 1689 2123 1747 at
2168 1683 2238 1748 id
2286 1685 2352 1748 in
2405 1686 2743 1748 arcessendi
2785 1683 3045 1769 quidem

653 1789 847 1853 verbo
866 1834 882 1865 ‚
947 1789 1114 1872 quod
1177 1791 1256 1853 ab
1320 1789 1596 1852 cociendo
1645 1810 1768 1853 non
1817 1788 1965 1874 plus
2010 1789 2217 1854 forma
2262 1790 2462 1854 distat
2509 1809 2703 1874 quam
2742 1791 3049 1876 facessere

655 1896 938 1958 lacessere
999 1915 1036 1959 a
1086 1895 1259 1981 facio
1323 1902 1388 1959 et
1443 1895 1598 1958 lucio
1613 1943 1630 1977 ,
1677 1915 1803 1959 non
1851 1902 1944 1960 est
1992 1902 2392 1979 perpetuum.
2466 1893 2688 1961 Cicero
2736 1895 2911 1960 Verr.
2958 1894 3044 1961 V.

655 2002 741 2064 45
808 2021 964 2077 „nec
1028 2004 1262 2085 poteris
1321 2021 1630 2065 arcessere
1694 2021 1793 2065 res
1858 2004 2307 2066 transmarinas
2354 2019 2435 2066 ex
2484 2005 2577 2066 eis
2623 2000 2811 2066 locis'’
2858 1999 3045 2086 plane

653 2108 744 2171 sic
807 2113 882 2170 ut
942 2107 1135 2170 accire
1184 2105 1243 2168 h.
1276 2105 1316 2170 1.
1391 2104 1725 2170 Translate
1791 2106 2082 2184 „rivulus
2130 2109 2463 2171 arcessitus
2514 2107 2609 2190 [st
2655 2106 2913 2190 ductus]
2963 2105 3042 2171 ab

652 2214 796 2296 ipso
861 2213 1068 2296 capite
1115 2210 1596 2286 accusationis”,
1651 2209 1823 2277 Cael.
1882 2211 1985 2276 19.
2058 2211 2241 2292 Quod
2288 2211 2368 2276 ad
2416 2211 2802 2278 firmandum
2850 2212 3043 2276 accire

651 2318 890 2404 aliquid
929 2319 1008 2382 ad
1049 2317 1346 2383 Tacitum
1387 2317 1582 2402 (Ann.
1621 2316 1737 2381 111.
1778 2315 1863 2382 27
1911 2320 2171 2394 „accitis
2211 2338 2371 2402 quae
2413 2337 2681 2403 usquam
2720 2315 3039 2403 egregiffl)

650 2437 715 2488 et
778 2422 1106 2488 Velleium
1167 2423 1286 2507 (II.
1339 2421 1446 2487 38.
1499 2421 1570 2486 6:
1620 2425 1923 2508 mortem)
1974 2423 2477 2488 descendendum
2528 2429 2659 2506 est,
2706 2443 2857 2488 casu
2904 2421 3039 2486 fieri
3100 2440 3103 2443 ·

649 2533 862 2615 potuit
917 2533 986 2595 in
1048 2530 1242 2595 verbo
1304 2531 1556 2595 rariore.
1649 2525 1836 2599 Certe
1900 2529 1979 2595 ad
2030 2526 2521 2617 significandum
2570 2528 2638 2595 id
2685 2527 2855 2613 quod
2901 2527 2963 2592 h.
2990 2526 3035 2593 l.

647 2639 1029 2721 requiritur,
1078 2636 1670 2713 μεταπέμψασθαι,
1722 2655 1845 2700 non
1892 2635 2069 2700 aliud
2111 2644 2421 2720 quantum
2462 2638 2613 2701 novi
2652 2641 2863 2699 exstat
2898 2654 3034 2700 ver·

647 2743 803 2807 bum
825 2792 843 2826 ,
905 2744 1204 2826 quoniam
1263 2762 1554 2807 arcessere
1599 2742 1795 2805 nimis
1842 2740 2141 2806 ductibus
2188 2740 2405 2806 distat.
2477 2740 2651 2805 Olim
2700 2739 3033 2823 metapho-

643 2849 774 2913 rica
835 2849 1150 2913 sententia
1197 2847 1394 2912 accire
1438 2846 1775 2931 legebatur
1842 2846 1965 2911 Fin
2014 2846 2091 2911 V.
2139 2846 2225 2912 93
2278 2850 2444 2924 „nisi
2490 2867 2563 2912 ea
2609 2847 2871 2930 (virtus)
2917 2864 3030 2911 vo-

640 2952 954 3037 luptatem
1021 2952 1292 3017 acciret’'
1359 2961 1616 3037 propter
1678 2950 2025 3039 figuratum
2098 2972 2287 3017 usum
2350 2956 2567 3018 minus
2622 2972 2813 3037 quam
2864 2951 3030 3017 codi-

638 3078 785 3122 cum
833 3056 1167 3123 lectionem
1219 3064 1622 3141 suspectum3
1664 3058 1907 3144 faceret
1955 3056 2146 3123 Klotz
2194 3066 2261 3123 et
2308 3058 2456 3133 alii,
2498 3066 2725 3123 crearet
2770 3056 2989 3122 Halm.
3008 3101 3025 3130 ,

635 3163 744 3227 sed
809 3183 846 3227 a
903 3162 1174 3228 lectione
1221 3163 1398 3228 codd.
1449 3162 1751 3245 voluptate
1797 3171 2047 3227 maceret
2067 3212 2086 3247 ‚
2137 3183 2295 3228 corr.
2346 3168 2649 3245 voluptate
2690 3180 3027 3229 monam

633 3270 924 3353 proprius
973 3268 1170 3333 distat
1214 3269 1570 3351 voluptatem
1614 3286 2026 3333 Ancessnmrr.
2091 3267 2312 3335 Virtus
2350 3287 2461 3353 pro
2498 3288 2761 3353 persona
2800 3278 2915 3333 est.
2942 3306 3022 3317 —

635 3371 838 3438 Paulo
899 3380 1046 3438 ante
1109 3374 1512 3439 scribendum
1581 3381 1679 3439 est
1748 3372 2147 3458 „corruptela
2196 3394 2269 3439 ac
2314 3376 2681 3439 commutatio
2728 3372 3024 3439 morum”

633 3498 746 3564 pro
809 3502 880 3543 ac
939 3480 1262 3543 demutatio
1323 3480 1400 3544 cf.
1468 3482 1504 3563 ξ
1572 3479 1613 3544 9
1683 3500 1883 3565 „quae
1945 3499 2133 3544 causa
2180 3482 2515 3566 perspicua
2558 3484 2657 3545 est
2702 3478 3019 3545 malorum

632 3588 1341 3671 commutationumque
1404 3583 1776 3651 Graeciae”.
1866 3584 2096 3651 Altera
2154 3606 2383 3651 manus
2445 3586 2507 3671 (c
2575 3592 2689 3653 aut
2748 3585 2833 3663 οἱ,
2896 3606 3021 3651 non

633 3693 805 3756 enim
867 3696 1144 3775 constat,
1209 3691 1288 3757 cf.
1357 3691 1541 3778 Mau)
1605 3692 1918 3776 expunxit
1981 3691 2231 3757 litteras
2290 3710 2413 3769 DE3
2476 3692 2643 3776 quod
2702 3699 2901 3759 restat
2950 3716 3023 3757 ac

631 3802 878 3863 mutatio
937 3803 1162 3862 natum
1228 3797 1491 3862 videtur
1553 3819 1629 3863 ex
1693 3818 1767 3863 eo
1830 3798 1999 3882 quod
2047 3804 2144 3863 est
2188 3803 2537 3863 acomucatio
2588 3799 2777 3885 (vitio
2823 3801 3019 3883 scrip-

629 3908 773 3969 tum
819 3922 934 3989 pro
980 3902 1388 3987 aioffiutatio).

725 4114 831 4179 11.
902 4112 1150 4179 Haereo
1195 4116 1262 4179 in
1312 4115 1528 4180 ordine
1573 4113 1949 4179 verborum:
2003 4115 2229 4191 „cuius
2274 4114 2502 4199 (urbis)
2546 4117 2602 4181 is
2641 4122 2738 4181 est
2776 4120 3017 4183 tractus

631 4220 985 4305 ductusque
1047 4221 1220 4284 muri
1269 4256 1350 4269 -
1399 4240 1477 4285 ex
1533 4222 1706 4283 omni
1757 4226 1933 4303 parte
1983 4220 2197 4284 arduis
2243 4223 2727 4307 praeruptisque
2773 4226 3014 4288 monti-

630 4327 750 4392 bus
811 4334 878 4389 ιιι
933 4345 1098 4389 unus
1161 4325 1374 4389 aditus
1439 4326 1549 4409 qui
1615 4330 1779 4389 esset
1842 4362 1929 4376 -
1996 4324 2161 4390 fossa
2207 4328 2569 4413 cingeretur
2612 4331 3012 4416 vastissima,

629 4439 820 4519 atque
880 4438 948 4496 ut
1009 4431 1100 4496 ita
1163 4430 1391 4495 munita
1435 4453 1548 4493 arc
1605 4432 2014 4495 circumiecto
2076 4432 2271 4497 arduo
2343 4436 2411 4497 et
2480 4435 2663 4518 quasi
2731 4437 3009 4503 circum-
