3436 5161
687 353 776 420 46
1165 391 1171 397 -
1759 371 1997 421 mono.

779 534 924 602 Non
967 538 1226 603 tantum
1273 535 1460 618 maqis
1504 536 1616 602 sed
1662 537 1860 602 etiam
1906 535 2351 617 mma-acibus
2388 537 2683 622 spurium
2722 554 2856 602 esse
2893 535 3070 604 vide-

689 645 832 708 tur:
891 643 960 708 in
1021 644 1312 729 margine
1373 643 1685 728 scriptum
1748 647 1883 708 erat
1936 642 2381 722 anaqi-stratibus
2427 642 2760 727 (mandant
2805 643 3075 727 imperia

690 767 775 814 sc.
823 748 1332 834 magistratibus)
1382 748 1548 833 quod
1595 752 1961 814 truncatum
2012 750 2079 812 in
2128 753 2315 829 newis
2351 753 2462 814 aut
2500 749 2883 830 maqietram
2922 747 3075 816 duo-

691 853 810 922 bus
872 852 1030 920 locis
1087 855 1400 919 insertum
1467 859 1597 931 est3
1657 854 2045 936 maqietratuc
2107 853 2381 939 impedit
2426 857 2563 922 sine
2609 854 2893 921 utilitate
2938 875 3073 920 sen-

689 963 980 1026 tentiam.
1053 960 1259 1042 Μαρία
1293 963 1450 1026 -iam
1509 962 1588 1028 ab
1644 961 1789 1027 aliis
1838 961 2139 1028 eiectum*
2164 967 2278 1026 est.
2352 960 2607 1028 Similia
2641 960 3072 1047 corruptionis

689 1065 982 1152 exempla
1038 1071 1190 1132 sunt
1249 1086 1440 1153 supra
1500 1068 1536 1151 §
1584 1067 1710 1134 25:
1775 1068 1961 1146 „Cum
2010 1067 2179 1150 quod
2226 1090 2353 1132 cum
2404 1067 2784 1154 disputando
2831 1068 3075 1135 docuis-

689 1171 850 1240 set”.
892 1172 931 1256 g
982 1171 1062 1236 31
1113 1189 1581 1238 mvrmescn’ne
1627 1189 1931 1240 mmome
1976 1175 2021 1238 i.
2048 1194 2101 1239 e.
2156 1173 2401 1252 „invidi
2448 1173 2763 1260 Scipionis
2808 1173 3071 1251 initiis’',

688 1277 804 1344 ubi
847 1277 1100 1346 litterae
1145 1294 1228 1344 on
1274 1279 1342 1342 in
1390 1280 1680 1366 margine
1726 1281 1999 1365 scriptae
2046 1279 2251 1346 alieno
2290 1279 2427 1348 loco
2468 1281 2639 1365 (post
2674 1297 2834 1346 mm
2852 1326 2869 1358 ‚
2910 1300 3065 1356 non,

689 1384 806 1453 ubi
863 1382 1177 1450 debebant
1195 1427 1212 1460 ‚
1274 1389 1416 1469 post
1477 1385 1664 1471 som)
1726 1386 1997 1452 insertae
2053 1391 2221 1450 sunt.
2293 1385 2372 1450 In
2417 1385 2833 1473 palimpsesto
2880 1385 3074 1454 Scau-

687 1490 900 1556 risnao
954 1490 990 1573 §
1053 1488 1141 1554 34
1201 1497 1422 1556 certum
1482 1493 1712 1558 vitiose
1775 1490 2023 1557 duobus
2076 1489 2235 1557 locis
2294 1494 2577 1577 positum
2601 1541 2617 1572 ,
2686 1491 2765 1560 cf.
2828 1492 3071 1559 Mnem.

687 1595 769 1661 N.
795 1593 860 1660 S.
911 1593 1022 1659 XL
1072 1617 1136 1681 p.
1188 1595 1341 1661 381.
1412 1596 2030 1682 Frequentissimum
2077 1597 2196 1662 hoc
2242 1596 2548 1676 mendum
2596 1602 2693 1664 est
2732 1598 2801 1662 in
2839 1598 3073 1666 Vindo-

687 1701 950 1768 bonensi
1011 1699 1186 1768 Livii
1239 1701 1492 1768 decadis
1555 1702 1849 1788 quintae:
1914 1701 2093 1770 XLI.
2164 1702 2273 1768 25.
2336 1701 2379 1768 8
2448 1704 2829 1783 „sustinenti
2888 1727 2983 1770 reo
3035 1725 3074 1772 a

689 1825 836 1893 pop.
893 1805 1081 1872 Rom.
1147 1813 1360 1895 gestas
1413 1830 1509 1873 res
1563 1809 1889 1878 scribere.”
1956 1807 2048 1874 Ib.
2098 1807 2211 1874 26.
2266 1813 2308 1874 4
2360 1811 2513 1894 „ubi
2560 1817 2895 1878 evaserunt
2930 1834 3075 1895 pos-

688 1919 820 1978 sent
877 1921 948 1978 ut
1005 1918 1183 1980 extra
1236 1913 1484 1983 vallum
1503 1964 1520 1999 ,
1592 1924 1659 1980 ut
1711 1916 1983 2002 pandere
2028 1918 2231 1981 aciem
2286 1921 2353 1982 et
2398 1919 2735 2002 exaequari
2780 1919 3073 1984 cornibus

692 2018 978 2086 hostium
1038 2021 1272 2105 quibus
1331 2022 1833 2088 circumibantur
1888 2029 2125 2105 possent
2182 2021 2311 2088 ita'’
2372 2023 2485 2088 ubi
2535 2030 2779 2107 possent
2838 2031 2905 2088 ut
2974 2024 3075 2088 bis

699 2127 938 2211 posita,
987 2128 1192 2210 priore
1239 2125 1376 2192 loco
1425 2147 1770 2212 perperam.
1846 2127 2054 2194 XLII.
2108 2127 2212 2196 12.
2264 2127 2307 2192 8
2358 2149 2550 2207 „eum
2592 2165 2675 2178 -
2702 2149 2808 2195 eos
2852 2129 3071 2196 dome-

696 2232 886 2296 sticos
931 2236 1269 2315 apparatus
1314 2231 1463 2297 belli
1512 2231 1743 2298 habere
1788 2255 1907 2298 non
1951 2238 2026 2298 ut
2068 2237 2345 2300 externis
2382 2257 2500 2300 non
2540 2234 2791 2323 egeat.'’
2835 2233 3073 2301 XLIII.

697 2335 799 2404 12.
869 2335 910 2401 9
975 2335 1393 2414 „Macedonia
1451 2339 1739 2404 maxime
1792 2353 1942 2404 cura
1996 2341 2355 2425 praebebat.
2444 2342 2523 2407 In
2592 2341 2859 2408 classem
2929 2365 3077 2406 cura

695 2440 880 2508 mille
925 2444 1082 2510 socii
1135 2491 1148 2508 .
1186 2492 1201 2508 .
1252 2445 1442 2511 scribi
1488 2443 1714 2510 iussi.''
1783 2445 1993 2512 XLII.
2042 2443 2148 2510 26.
2205 2446 2239 2511 1
2287 2449 2541 2535 „magis
2578 2469 2613 2513 e
2654 2469 2721 2514 re
2766 2468 2829 2533 p.
2858 2450 3075 2514 visum

695 2551 830 2615 erat
877 2550 1188 2634 conprimi
1234 2572 1304 2613 ao
1349 2549 1554 2616 sedari
1599 2556 1998 2638 exasperatos
2036 2575 2106 2617 ao
2143 2551 2457 2641 Ligures”
2501 2555 2617 2621 ubi
2658 2555 2892 2621 flustra
2928 2559 3077 2623 ante

693 2654 968 2729 alterum
1032 2678 1104 2719 ao
1164 2656 1675 2746 (interpolatum)
1741 2659 2121 2748 Madvigius
2186 2680 2420 2727 nomen
2485 2664 2701 2749 gentis
2768 2662 3073 2729 excidisse

690 2766 896 2849 putat.
947 2760 1081 2829 Cic.
1129 2762 1207 2829 de
1252 2762 1394 2829 Fin.
1441 2785 1504 2831 v.
1557 2762 1640 2829 21
1692 2765 1773 2853 (c.
1816 2762 1887 2851 8)
1926 2768 2003 2833 in.
2034 2766 2167 2831 Erf.
2214 2774 2534 2852 „quattuor
2573 2766 2862 2835 defensae
2903 2778 3077 2855 quat-

694 2864 887 2932 tuos-st
956 2865 1057 2934 Of.
1108 2870 1302 2933 etiam
1349 2868 1572 2937 Madv.
1617 2870 1887 2938 Emend.
1935 2870 2082 2939 Liv.
2136 2874 2152 2911 ¹
2204 2894 2267 2959 p.
2320 2872 2469 2939 492.

785 3076 894 3147 50.
947 3074 1121 3160 „Cur
1165 3078 1338 3149 enim
1386 3100 1606 3170 regem
1652 3080 1969 3170 appellem
1988 3132 2007 3163 ,
2056 3081 2230 3153 Iovis
2276 3086 2509 3172 optimi
2546 3088 2830 3166 nomine,
2870 3084 3079 3155 homi-

688 3206 838 3252 nem
875 3186 1246 3253 dominandi
1289 3189 1593 3274 cupidum
1633 3196 1747 3255 aut
1788 3192 2073 3277 [imperii
2114 3192 2489 3280 singularis]
2521 3192 2757 3279 populo
2782 3214 3077 3280 oppresso

687 3290 1122 3361 dominantem
1141 3338 1160 3372 ‚
1211 3313 1338 3360 non
1397 3299 1748 3381 tyrannum
1806 3294 2061 3382 potius?
2148 3296 2311 3363 Tam
2372 3299 2543 3363 enim
2612 3318 2747 3365 esse
2792 3298 3071 3366 clemens

685 3402 997 3487 tyrannus
1044 3421 1238 3486 quam
1284 3424 1392 3467 rex
1433 3404 1839 3488 importunus
1884 3402 2149 3490 potest”.

775 3507 911 3571 Res·
959 3528 1084 3573 non
1138 3513 1236 3575 est
1279 3508 1729 3577 abiiciendum.
1804 3508 2074 3594 Omnes,
2126 3512 2365 3597 inquit,
2420 3514 2805 3599 imperantes
2851 3518 3069 3603 tyran·

681 3632 798 3680 nos
857 3613 1164 3699 appellari
1225 3618 1556 3699 convenit,
1618 3636 1769 3681 nam
1830 3617 1996 3703 quod
2043 3619 2137 3682 ita
2184 3618 2333 3684 boni
2377 3620 2764 3705 imperantes
2810 3622 3073 3707 tyranni

683 3716 1007 3793 dicantur,
1069 3739 1196 3785 non
1255 3720 1548 3805 prohibet
1597 3710 1733 3804 ⁸quo
1800 3723 2015 3787 minus
2078 3743 2183 3790 eos
2243 3721 2365 3789 hoc
2424 3727 2683 3791 nomine
2748 3722 3035 3791 dicamus
3053 3773 3073 3812 ,

681 3827 965 3891 existunt
1023 3826 1226 3912 (sunt)
1285 3827 1458 3891 enim
1518 3830 1654 3890 tam
1716 3824 2061 3893 clementes
2120 3831 2389 3915 tyranni
2456 3850 2652 3915 quam
2712 3832 3071 3917 importuni

683 3951 902 4018 reges3
967 3936 1040 3995 ut
1099 3953 1244 4015 rex,
1306 3932 1604 4016 quamvis
1665 3930 1875 3997 malus
1895 3979 1911 4007 .
1975 3952 2087 4000 rex
2142 3940 2361 4001 tamen
2406 3936 2677 4014 dicitur,
2727 3938 2818 4003 sic
2868 3938 3073 4003 bonus

683 4040 994 4122 tyrannus
1053 4042 1271 4102 tamen
1316 4044 1624 4124 tyrannus
1667 4037 1939 4104 dicatur.
2012 4037 2231 4127 Vulgo
2280 4046 2536 4107 auctore
2582 4040 2916 4130 Madvigio
2963 4064 3073 4106 res·

681 4142 1026 4207 inducitur.
1097 4142 1346 4225 Imperii
1399 4144 1725 4224 simularie
1771 4150 1916 4229 post
1962 4146 2309 4210 dominandi
2352 4146 2520 4211 nihil
2565 4149 2720 4213 novi
2764 4148 2957 4213 infert
3002 4152 3071 4213 et

683 4249 822 4333 ipso
883 4247 1023 4314 loco
1035 4294 1052 4327 ,
1117 4268 1308 4334 quem
1371 4254 1582 4333 tenet,
1641 4256 2007 4334 suspectum
2071 4257 2184 4317 est.
2260 4250 2395 4318 Sub
2443 4251 2636 4318 finem
2684 4254 3071 4341 paragraphi

686 4355 842 4441 „qui
887 4357 1062 4421 enim
1103 4355 1424 4421 iudicatur
1471 4358 1594 4420 iste
1633 4356 1915 4441 optimus
1930 4353 1999 4420 ?'’
2042 4378 2335 4444 expressa
2372 4359 2673 4425 videntur
2712 4381 2747 4425 e
2786 4358 3067 4431 Graeco:

685 4462 770 4543 τῷ
833 4460 960 4543 γὰρ
1022 4462 1288 4541 κρίνεται
1347 4461 1374 4525 ὃ
1440 4458 1684 4543 ἄριστος
1736 4462 1987 4537 ἐκεῖνοςς
2054 4464 2322 4549 Optimus
2364 4463 2477 4531 ille
2494 4512 2513 4545 ,
2559 4484 2751 4551 quem
2802 4464 3063 4551 volunt,
