3436 5161
653 320 783 385 124
1568 340 1657 387 An
1700 338 2100 387 rnou'rounu.

647 510 895 573 virtutis
954 531 1151 573 nonne
1198 508 1393 573 multo
1438 507 1750 593 multoque
1795 506 2067 592 amplius
2113 504 2420 591 diliyam?
2504 506 2662 571 Tum
2705 530 2812 592 eqo
2857 509 3032 575 stoli-

646 617 936 684 dissimus
983 615 1209 680 habear
1252 615 1589 697 aya-estium
1636 614 1912 677 omnium
1953 615 2342 699 omniumque
2381 626 2711 679 aratorum
2729 662 2748 692 ,
2785 617 2842 679 si
2879 614 3036 681 mihi

648 722 893 785 cariora
936 722 1063 785 sint
1095 732 1235 785 sata
1272 721 1565 785 messibus
1591 766 1608 785 .
1636 766 1652 782 .
1681 766 1693 782 .
1727 764 1744 781 .
1795 717 1996 783 Assae
2035 721 2302 784 nutricis
2339 724 2437 784 est
2473 720 2784 785 infantem
2821 724 3033 807 magia

648 824 916 911 diligere
972 846 1163 909 quam
1228 826 1556 903 adultum3
1608 847 1942 889 suscensere
1987 827 2174 889 etiam
2215 826 2536 911 pubertati
2579 827 2770 891 stulta
2817 830 3035 892 nutria-

646 931 797 996 solet
814 978 831 1009 ,
886 952 1155 1019 puerum
1218 934 1291 997 de
1340 934 1575 1017 yremio
1620 932 1740 996 sibi
1781 932 2112 996 abductum
2157 944 2216 995 et
2261 954 2479 1019 campo
2525 956 2624 997 au
2641 946 2666 997 t
2701 934 2858 1019 foro
2903 946 3034 999 tra-

645 1038 867 1103 ditum.
952 1036 1361 1104 Litteratores
1420 1040 1609 1103 etiam
1669 1041 1696 1103 i
1708 1062 1739 1102 s
1759 1041 1825 1103 ti
1882 1038 2212 1125 discipulos
2273 1062 2414 1104 suos
2435 1084 2452 1117 ,
2511 1042 2725 1127 quoad
2757 1040 3032 1127 puerilia

645 1146 888 1211 discunt
932 1157 989 1211 et
1034 1147 1362 1210 mercedem
1406 1147 1688 1233 pendunt
1704 1194 1722 1229 ,
1771 1146 1971 1229 may-is
2019 1144 2304 1230 diliqunt.

736 1250 1275 1339 Elegantissimus
1322 1251 1427 1316 hic
1471 1251 1648 1317 locus
1695 1254 1864 1335 turpi
1907 1250 2314 1317 dedecoratur
2353 1251 2755 1319 emblemate.
2799 1254 3032 1321 Fronto

646 1364 723 1423 ut
781 1358 1043 1425 stolidos
1106 1363 1417 1441 aratores,
1472 1359 1565 1426 ita
1628 1356 1860 1423 stultas
1919 1356 2274 1423 nutriculas
2343 1358 2768 1443 reprehendit.
2861 1360 3034 1426 Ludi

645 1468 956 1551 magister
1016 1470 1233 1531 autem
1294 1465 1504 1529 nescio
1566 1462 1708 1547 quis
1767 1468 1840 1528 ut
1903 1462 2258 1529 doctrinam
2317 1484 2500 1529 suam
2564 1470 2908 1533 ostentaret
2961 1470 3031 1533 in

645 1591 819 1637 voce.
882 1595 1025 1635 assa
1070 1573 1322 1647 nutv-ic,
1372 1570 1707 1655 adscripsit
1750 1568 1864 1635 illa
1911 1592 2084 1635 assae
2111 1616 2127 1633 .
2155 1618 2170 1634 .
2201 1618 2214 1633 .
2245 1620 2260 1637 .
2311 1571 2635 1651 adult-mn,
2683 1572 2922 1660 frigida
2968 1580 3033 1639 et

646 1697 1127 1762 supervacanea.
1198 1675 1271 1741 In
1334 1696 1505 1761 seqq.
1569 1695 1681 1761 pro
1743 1698 1960 1764 campo
2020 1688 2130 1742 aut
2165 1678 2322 1763 foro
2367 1675 2638 1763 legerim
2685 1702 2902 1767 campo
2947 1704 3032 1745 ac

652 1783 825 1859 for-05
875 1802 988 1867 pro
1034 1784 1143 1847 isti
1186 1785 1311 1847 ins
1330 1785 1514 1859 citi;
1556 1780 1940 1847 litteratores
1979 1784 2149 1847 enim
2194 1785 2407 1849 insciti
2445 1782 2697 1849 stolidis
2732 1784 3030 1872 agricolis

644 1886 985 1973 stultisque
1030 1890 1389 1953 nutricibus
1432 1894 1601 1953 recte
1652 1889 2050 1974 respondent.

736 2100 901 2167 IBID.
951 2102 1181 2166 lucebat
1225 2104 1291 2166 in
1328 2103 1608 2189 pueritia
1654 2114 1765 2167 tua
1811 2104 2008 2167 virtus
2053 2106 2245 2169 insita
2261 2150 2278 2181 ,
2328 2105 2557 2171 lucebat
2602 2108 2791 2171 etiam
2828 2108 3031 2191 maqis

647 2210 715 2273 in
774 2208 1213 2273 adulescentia.-
1280 2211 1385 2272 sed
1441 2210 1533 2272 ita
1596 2220 1666 2273 ut
1725 2232 1858 2273 cum
1920 2232 2164 2274 serenus
2209 2213 2336 2275 dies
2381 2212 2764 2278 inlucuhzscit
2807 2213 3032 2279 lumine

646 2314 947 2379 incohato·
1032 2312 1223 2378 Nunc
1284 2316 1413 2379 iam
1470 2316 1667 2378 virtus
1730 2316 2055 2400 inteyra
2119 2316 2259 2381 orbe
2321 2317 2754 2404 splendido
2817 2332 3030 2385 exorta

646 2432 737 2485 est
780 2432 839 2483 et
886 2422 1085 2483 radiis
1130 2421 1677 2485 disseminata
1731 2433 1838 2485 est.

740 2522 1150 2610 Corruptelae
1212 2528 1633 2611 suspicionem
1691 2533 1910 2593 movet
1969 2531 2400 2613 disseminata,
2475 2531 2642 2616 quod
2703 2551 2918 2618 sparsa
2977 2554 3030 2602 s.

648 2625 985 2718 divulgata
1030 2631 1349 2719 significat
1395 2637 1609 2719 itaque
1656 2635 1736 2700 ab
1783 2635 1902 2700 hoc
1950 2635 2086 2700 loco
2135 2635 2416 2701 alienum
2466 2642 2582 2703 est.
2649 2637 2859 2724 Magis
2900 2637 3030 2723 pla-

647 2743 815 2804 ceret
868 2741 1502 2816 discriminata,
1565 2761 1679 2825 pro
1744 2761 1852 2824 eo,
1917 2741 2084 2826 quod
2149 2745 2450 2806 usitatius
2522 2749 2648 2820 est,
2720 2747 3026 2810 distincta.

648 2842 891 2910 Corona
936 2845 1130 2910 radiis
1176 2847 1476 2910 distincta
1526 2845 1769 2932 legitur
1815 2847 1982 2932 apud
2031 2847 2290 2914 Florum
2318 2896 2333 2926 ,
2383 2847 2489 2912 IV.
2541 2848 2604 2914 2.
2657 2849 2766 2916 91.
2837 2849 3027 2914 Prae-

646 2950 931 3016 cedentia
998 2953 1091 3016 ita
1162 2951 1468 3016 mutanda
1542 2959 1727 3036 sunt,
1798 2961 1872 3016 ut
1940 2952 2194 3039 legatur
2252 2957 2450 3020 virtus
2508 2960 2832 3042 inteqro
2891 2956 3028 3022 orbe

570 3119 573 3122 ,
645 3057 1079 3145 splendide
1115 3070 1332 3123 exorta
1377 3071 1435 3123 et
1480 3060 1679 3122 radiis
1727 3060 2155 3124 discriminata
2201 3073 2308 3126 est.
2381 3062 2456 3125 In
2507 3065 2795 3148 margine
2844 3061 3030 3127 Codi-

646 3166 737 3228 cis
782 3162 1024 3249 legitur
1068 3186 1173 3249 eqo
1225 3176 1279 3228 te
1324 3165 1411 3228 ad
1453 3164 1774 3228 meridiem
1823 3165 2150 3252 [provoco]
2179 3215 2196 3249 ,
2250 3168 2352 3232 ubi
2395 3168 2495 3232 ille
2531 3169 2856 3251 inteyro
2893 3166 3030 3232 orbe

646 3269 814 3334 calor
859 3269 1023 3334 altus
1068 3283 1176 3334 est.

678 3479 683 3482 ’
736 3480 938 3546 LIBER
996 3481 1083 3546 II.
1151 3481 1265 3546 ΕΡ.
1329 3484 1361 3547 1
1372 3535 1387 3566 ,
1448 3501 1507 3546 P.
1578 3482 1708 3547 104
1762 3484 2060 3571 parvolae
2114 3497 2359 3550 nostrae
2403 3509 2560 3550 nunc
2608 3489 2782 3573 apud
2827 3485 3030 3550 Mati-

643 3590 816 3653 diam
874 3591 952 3652 in
1014 3591 1271 3676 oppid
1285 3613 1319 3654 0
1380 3589 1815 3676 hospitantur:
1873 3594 2068 3676 ἐρίων
2123 3613 2370 3677 vespera
2433 3593 2520 3654 ad
2579 3613 2672 3656 me
2737 3593 3032 3658 ventitare

642 3717 766 3760 non
800 3707 1085 3782 possunt.

732 3799 835 3865 Ad
883 3803 951 3866 in
996 3801 1284 3866 Naberus
1334 3807 1628 3868 annotat:
1680 3802 1848 3880 „duo
1893 3802 2088 3868 verba
2131 3801 2420 3868 evanida.
2469 3801 2760 3868 Multum
2809 3803 3029 3868 dubito

644 3927 723 3972 an
782 3906 995 3973 Maius
1042 3915 1210 3974 recte
1258 3907 1553 3997 legerit'’.
1608 3945 1689 3956 —-
1741 3909 1852 3974 Me
1898 3907 2156 3974 offendit
2203 3909 2623 3996 hospitantur,
2671 3930 2795 3993 quo
2841 3909 3030 3974 verbo

640 4018 974 4100 argenteae
1036 4017 1263 4079 aetatis
1326 4016 1659 4099 scriptores
1725 4015 2029 4080 translata
2097 4021 2348 4079 tantum
2419 4013 2882 4102 significatione
2932 4017 3033 4080 usi

638 4119 957 4184 videntur.
1004 4118 1197 4184 Olim
1237 4122 1545 4206 scriptum
1582 4141 1714 4186 esse
1753 4125 2035 4206 suspicor
2071 4124 2244 4208 apud
2283 4119 2626 4186 Matidiam
2667 4123 2905 4209 hospi
2919 4124 3033 4186 tio

639 4237 904 4289 utuntur
952 4224 1058 4292 vel
1106 4229 1173 4290 in
1221 4227 1486 4314 hospitio
1532 4229 1952 4293 deversantur.

724 4439 933 4503 Proba
990 4444 1055 4504 et
1116 4442 1395 4527 genuina
1456 4441 1659 4506 forma
1727 4440 2003 4505 nominis
2069 4443 2342 4528 proprii,
2407 4441 2574 4526 quod
2625 4440 2870 4529 legitur
2919 4463 3024 4528 pp.
