3436 5161
663 316 802 386 262
1395 335 1716 388 nnnoeus
1762 339 1847 391 ns
1895 337 2315 392 onai-omnus.

659 503 1180 568 exercitationibus
1239 503 1480 568 iuvenes
1536 504 1658 568 iam
1703 511 1762 570 et
1794 505 2007 592 sorum
2053 503 2381 586 inqressuri
2426 503 2931 592 confirmare
2976 527 3011 569 e
3030 515 3063 570 t

666 612 748 673 al
759 633 792 676 e
807 633 883 674 re
929 611 1171 692 inqenia
1217 634 1329 674 sua
1375 611 1544 676 soliti
1589 612 1732 676 sint.

759 715 922 795 Quin
981 717 1328 783 secundum
1375 722 1640 783 naturae
1683 716 1971 783 ordinem
2016 718 2181 782 alere
2224 720 2401 802 prius
2448 724 2545 785 est
2590 737 2783 804 quem
2828 722 3059 802 confir-

663 842 824 885 mare
841 867 857 899 ‚
907 822 1077 908 apud
1123 825 1460 909 scriptores
1497 825 1720 889 eodem
1762 823 1981 889 ordine
2019 831 2272 890 servato
2306 826 2582 910 priorem
2625 823 2841 890 locum
2880 826 3053 888 alere

662 927 935 1006 obtinet,
1003 931 1111 994 eui
1157 930 1465 1016 subiungi
1511 929 1678 995 solet
1724 933 2090 1010 confirmare.
2162 927 2387 1016 Comp.
2440 928 2693 1014 Cicero,
2742 931 2819 996 de
2865 929 3049 995 Orat.

664 1031 747 1097 ΙΙ.
793 1031 918 1097 28:
969 1037 1059 1109 si,
1111 1055 1256 1100 cum
1307 1056 1426 1124 ego
1475 1036 1644 1101 hune
1693 1041 2008 1102 oratorem
2046 1056 2258 1102 creato
2277 1083 2293 1114 ,
2334 1035 2551 1102 aluere
2572 1085 2587 1112 ,
2633 1034 3049 1114 confirmare,

662 1139 908 1204 tradam
976 1161 1122 1218 eum
1173 1138 1398 1207 Crasso
1446 1142 1524 1208 sd
1574 1142 1977 1208 vestiendum
2025 1148 2090 1207 et
2136 1143 2485 1208 ornandum
2502 1162 2519 1220 ;
2569 1142 2731 1207 Ibid.
2786 1141 2865 1206 11.
2918 1141 3046 1208 ¹78:

664 1244 774 1309 sed
833 1245 988 1310 haec
1049 1266 1149 1312 ars
1212 1253 1346 1312 tota
1410 1247 1658 1313 dicendi
1706 1247 1898 1314 habet
1944 1248 2106 1312 hanc
2150 1251 2325 1326 vim,
2372 1241 2495 1314 n'on
2543 1255 2617 1313 ut
2664 1255 2873 1314 totum
2920 1242 3049 1313 ali-

661 1349 815 1434 quid
879 1353 1085 1436 periet
1148 1374 1219 1419 ac
1279 1361 1596 1439 procreet,
1659 1374 1886 1420 verum
1932 1360 2008 1419 ut
2054 1375 2159 1431 ea,
2210 1375 2371 1440 quae
2416 1361 2568 1419 sunt
2615 1361 2753 1420 orte
2796 1358 2929 1419 iam
2974 1357 3049 1420 in

660 1458 841 1522 nobis
900 1464 964 1522 et
1025 1465 1346 1543 procreate
1368 1508 1386 1537 ,
1450 1459 1676 1526 educet
1746 1464 1936 1545 etque
1999 1457 2329 1526 confirmet
2348 1479 2365 1539 ;
2426 1462 2614 1526 Auct.
2681 1460 2760 1526 ad
2806 1458 3037 1525 Heren.

662 1561 771 1630 IV.
821 1562 941 1628 43:
992 1565 1155 1630 eluit
1199 1565 1354 1632 haec
1393 1587 1531 1645 me,
1575 1567 1877 1652 produxit
1911 1566 1991 1632 ed
2030 1566 2189 1632 hanc
2230 1572 2541 1651 aetatem,
2582 1569 2823 1632 muniit
2863 1566 3045 1632 bonis

661 1669 956 1756 legibus;
1005 1671 1217 1751 Quint.
1269 1673 1562 1738 Prooem.
1612 1671 1731 1737 23:
1785 1673 1951 1738 alere
1998 1673 2355 1738 facundiam
2377 1720 2396 1755 ,
2437 1673 2605 1738 vires
2644 1693 2878 1759 augere
2915 1671 3045 1738 elo·

662 1779 977 1861 quentiae.
1031 1811 1104 1826 --
1163 1775 1414 1844 Attulit
1456 1779 1611 1846 haec
1657 1777 1949 1864 exempla
1993 1777 2376 1864 Peerlkamp
2425 1779 2501 1844 ad
2542 1778 2797 1845 Horatii
2836 1777 3041 1864 Epist.

663 1881 742 1948 ad
789 1882 1050 1948 Pisones
1095 1905 1191 1950 vs.
1242 1883 1372 1951 30¹7
1395 1932 1411 1963 ,
1453 1885 1685 1970 quibus
1728 1885 1872 1950 addi
1914 1890 2121 1970 potest
2160 1885 2325 1971 quod
2364 1884 2607 1972 legitur
2630 1885 2796 1970 apud
2824 1885 3044 1965 Quint.

660 1989 713 2053 Ι.
783 1987 842 2054 1.
913 1987 1036 2054 36:
1103 1993 1413 2056 memorie
1457 1993 1794 2077 praecipue
1842 1989 2037 2055 alitur
2081 1996 2147 2056 et
2194 1989 2481 2056 firmetur
2526 1991 2796 2056 ambitu.
2867 1990 3047 2070 Quae

661 2115 862 2179 quum
924 2098 1020 2162 ita
1081 2098 1243 2174 sint,
1306 2099 1374 2161 in
1437 2095 1710 2184 Dialogo
1772 2117 2019 2182 quoque
2066 2097 2469 2162 scribendum
2523 2098 2778 2163 videtur
2822 2098 3048 2162 alere

661 2207 733 2266 et
777 2203 1274 2288 confirmare
1319 2203 1578 2286 inqenia.

753 2381 861 2450 38.
937 2386 1190 2450 Transeo
1253 2388 1338 2451 ad
1375 2388 1649 2473 formam
1708 2395 1765 2452 et
1823 2387 2311 2464 consuetudinem
2376 2394 2589 2452 veter
2608 2411 2719 2452 um
2792 2389 3051 2453 iudicio-

661 2513 824 2576 rum,
881 2515 1033 2573 quae
1091 2499 1205 2557 etsi
1259 2516 1416 2557 nunc
1477 2493 1675 2578 aptior
1736 2501 1821 2558 est
1882 2493 2159 2572 veritati,
2210 2494 2597 2575 eloquentiam
2646 2501 2837 2558 tamen
2882 2495 3051 2558 illud

668 2600 860 2667 forum
909 2599 1096 2683 mayis
1141 2602 1456 2665 exercebat.
1547 2678 1556 2684 ‚

746 2702 1150 2771 Consuetudo
1207 2712 1497 2773 veterum
1557 2705 1943 2771 iudiciorum
2007 2704 2205 2771 stulte
2264 2706 2500 2771 dicitur
2557 2730 2715 2770 num
2777 2708 3038 2772 veritati

657 2814 863 2899 aptior
923 2834 1078 2879 esse.
1149 2814 1275 2879 Suo
1335 2813 1473 2879 loco
1522 2820 1776 2878 velerum
1822 2812 2288 2879 restituendum
2338 2815 2458 2877 erit
2503 2814 2632 2897 ita,
2682 2820 2755 2877 ut
2800 2814 3035 2878 scriba-

657 2925 766 2985 tur
809 2921 1198 3001 eloquentiam
1243 2927 1435 2985 twmen
1481 2926 1704 2985 veter
1725 2942 1835 2983 um
1881 2920 2047 2983 illud
2078 2921 2289 3007 sorum
2338 2924 2522 2999 maqis
2568 2920 2887 2983 exercebat.

749 3104 858 3169 41.
929 3101 1204 3181 Credite,
1269 3104 1472 3189 optimi
1531 3112 1589 3168 el
1652 3104 1733 3167 in
1794 3110 2167 3189 quantum
2226 3124 2416 3185 opus
2484 3110 2603 3165 est
2662 3101 3045 3166 disertissimi

658 3212 813 3287 viri,
861 3212 918 3275 si
961 3219 1068 3276 aut
1113 3233 1214 3276 vos
1246 3212 1554 3294 prioribus
1597 3210 1877 3288 saeculis,
1933 3220 2041 3273 aut
2085 3209 2187 3272 illi
2233 3230 2374 3289 quos
2410 3208 2731 3285 miramur,
2774 3208 2867 3271 his
2904 3208 3043 3273 nali

657 3324 850 3382 esseni
874 3366 890 3383 .
918 3365 931 3380 .
965 3367 977 3381 .
1006 3363 1020 3380 .
1073 3340 1178 3383 nec
1222 3315 1383 3381 vobis
1426 3340 1647 3381 summa
1695 3318 1811 3380 illa
1847 3317 1981 3381 laus
2018 3323 2075 3379 et
2107 3316 2309 3398 ¹qloria
2346 3320 2411 3379 in
2450 3319 2779 3399 eloquentia
2798 3364 2815 3399 ‚
2855 3337 3044 3395 neque

655 3423 791 3488 illis
835 3424 1048 3487 modus
1094 3434 1153 3487 et
1197 3430 1701 3506 temperamentum
1728 3422 2064 3508 [defuisset.

749 3526 873 3593 Vix
930 3527 1228 3615 intelligo
1287 3529 1601 3613 quomodo
1663 3527 1801 3593 fieri
1847 3526 2127 3615 potuerit
2172 3546 2293 3591 non
2344 3530 2598 3591 tantum
2649 3531 2722 3590 ut
2768 3525 3041 3591 editores

652 3636 932 3719 ineptam
983 3640 1048 3699 et
1094 3634 1431 3699 absurdam
1472 3634 1807 3700 lectionem
1850 3639 1917 3697 in
1954 3640 2237 3715 quantum
2276 3655 2423 3716 opus
2460 3640 2546 3698 est
2584 3652 2783 3717 aequo
2822 3634 3040 3698 animo

657 3744 1036 3825 reciperent,
1099 3740 1207 3805 sed
1270 3746 1343 3805 ut
1408 3742 1750 3805 existerent
1809 3759 2055 3825 quoque
2119 3740 2231 3822 qui
2294 3737 2509 3803 multis
2571 3738 2785 3805 verbis
2851 3737 3035 3803 illem

655 3850 984 3931 tamquam
1047 3851 1284 3911 rectem
1348 3850 1410 3910 et
1471 3865 1689 3911 senem
1756 3843 2175 3909 defenderent.
2256 3842 2505 3927 Nempe
2553 3845 2843 3909 turbatus
2890 3864 3037 3910 ver-

655 3952 882 4016 borum
945 3950 1132 4035 orde,
1195 3953 1306 4035 qui
1371 3956 1504 4016 tam
1565 3950 1807 4016 multos
1870 3948 2125 4035 Dialogi
2188 3948 2360 4013 locos
2424 3952 2740 4035 corrupit,
2804 3957 2868 4015 et
2928 3950 3037 4014 hic

657 4059 880 4120 erroris
948 4076 1136 4122 causa
1197 4063 1314 4121 est.
1394 4055 1678 4121 Dubium
1726 4076 1853 4121 non
1899 4061 2028 4132 eet,
2078 4056 2228 4139 quin
2276 4054 2432 4119 olim
2482 4054 2791 4140 scriptum
2840 4055 3037 4121 fuerit

659 4163 864 4245 optimi
909 4174 966 4225 et
1013 4169 1382 4247 quantum
1430 4162 1508 4225 in
1557 4164 1781 4226 vobis
1826 4170 1943 4226 est
1989 4160 2367 4225 disertissimi
2413 4160 2552 4224 viri.
2596 4198 2678 4208 —
2718 4158 2813 4231 Cf.
2868 4160 3034 4226 Dial.

658 4289 709 4331 e.
761 4267 883 4331 23:
933 4290 1032 4331 vos
1077 4290 1248 4346 vere,
1295 4268 1417 4332 viri
1461 4267 1875 4346 disertissimi,
1925 4274 2005 4331 ul
2039 4266 2424 4351 potestis.

745 4419 877 4485 Ser.
927 4441 1012 4485 m.
1064 4421 1331 4495 Martio,
2162 4416 2222 4483 J.
2270 4414 2331 4483 J.
2386 4414 2849 4485 Connnmssnu.

769 4547 824 4593 a.
855 4543 1302 4593 nnoeonxxxv.
