3436 5161
643 369 776 438 232
1676 391 1991 442 sannaus.

641 555 751 628 την
813 557 977 634 ῥῆσιν
1043 555 1232 619 ἄλλον
1281 553 1511 626 ἄλλως.
1583 554 1911 638 Namque,
1964 557 2209 641 inquit,
2261 553 2425 630 εἴπερ
2474 551 2628 624 ὅλως
2674 553 3024 631 ἀποχωρεῖν

643 683 738 733 τις
785 666 995 744 τολμᾷ
1045 664 1328 734 παλαιᾶς
1376 665 1629 741 γραφῆς
1681 661 1853 725 κατά
1901 685 1959 726 τι
2010 659 2261 725 πιθανὸν
2306 661 2429 741 χρὴ
2475 663 2657 724 τοῦτο
2703 656 3024 738 πράττειν.

643 766 1000 854 Egregium
1061 788 1210 832 sane
1269 766 1390 833 hoc
1445 773 1852 853 praeceptum
1908 772 2005 832 est
2050 767 2160 832 sed
2206 786 2461 852 prorsus
2504 764 2756 830 inutile.
2827 761 3025 828 Subi-

642 875 912 938 rascitur
961 879 1175 939 autem
1222 871 1505 940 Galenus
1551 875 1813 958 antiquo
1858 875 2189 958 interpreti
2237 863 2569 948 Glauciae,
2626 871 2735 954 qui
2782 871 2859 935 de
2906 888 3024 933 suo

641 981 1046 1066 negationem
1097 982 1478 1046 inseruerat:
1531 1015 1612 1027 —
1661 981 1991 1059 φιλοπονίη
2040 982 2256 1059 ψυχῆς
2306 987 2434 1042 ΜΗ
2485 975 2711 1058 ζητέων
2760 977 2793 1051 ἢ
2834 989 3025 1053 μελε-

638 1083 805 1149 τέων.
878 1085 1216 1152 Exclamat
1277 1091 1524 1152 autem:
1591 1086 1642 1150 εί
1707 1085 1767 1150 δὲ
1831 1083 1995 1160 ἔξεςι
2054 1084 2427 1164 προστιθέναι
2479 1093 2605 1155 τοῖς
2654 1087 3021 1163 καταφατι-

639 1196 754 1262 κῶς
815 1191 1144 1271 εἰρημένοις
1207 1193 1324 1264 τὰς
1373 1191 1730 1272 αποφοέσεις
1756 1238 1773 1269 ,
1822 1189 1997 1256 ἅπαν
2043 1184 2145 1256 οὖν
2194 1190 2345 1278 (103.
2396 1188 2503 1277 ἂν)
2548 1186 2701 1255 οὕτω
2748 1212 2841 1262 τις
2889 1187 3021 1253 δια-

636 1298 849 1378 φθείρη
895 1297 1045 1386 (leg.
1099 1298 1460 1382 διαφθείροι)
1506 1298 1718 1375 δόγμα
1770 1299 1875 1362 καὶ
1923 1296 2234 1375 μηδεμίαν
2285 1297 2533 1375 γνώμην
2576 1301 2691 1361 τῶν
2732 1300 3017 1360 παλαιῶν

636 1403 920 1481 βεβαίαν
982 1405 1284 1484 φυλάττῃ
1347 1403 1500 1492 (leg.
1561 1405 1927 1490 φυλάττοι).
2016 1403 2211 1484 Quasi
2274 1424 2399 1469 non
2463 1403 2593 1468 sint
2660 1401 3021 1488 complures

633 1509 761 1577 loci
810 1517 874 1577 et
919 1510 1086 1596 apud
1135 1511 1293 1578 alios
1339 1517 1403 1576 et
1451 1511 1619 1596 apud
1664 1514 1879 1596 ipsum
1928 1508 2250 1575 Galenum
2269 1557 2286 1587 ,
2332 1510 2446 1574 ubi
2494 1511 2753 1597 negatio
2794 1507 2887 1594 (οὐ
2934 1545 3011 1556 --

635 1617 755 1704 μή)
802 1616 907 1682 vel
951 1620 1166 1702 inepte
1213 1616 1492 1682 abundet
1539 1615 1646 1683 vel
1691 1615 1891 1682 stulte
1938 1619 2173 1682 omissa
2228 1618 2335 1682 sit.

726 1833 933 1900 Notus
979 1835 1419 1920 Aristophanis
1464 1837 1816 1902 versiculus
1862 1839 1931 1902 in
1974 1835 2170 1902 Pluto
2219 1836 2298 1903 de
2344 1835 2673 1922 Apolline:

1155 1937 1216 2014 ὃς
1266 1942 1585 2023 θεσπιῳδεῖ
1627 1943 1900 2020 τρίποδος
1950 1944 2017 2007 ἐκ
2064 1941 2462 2024 χρυσηλάτου

635 2045 1092 2112 obversabatur
1135 2044 1379 2114 Galeno
1429 2069 1628 2133 quum
1669 2050 1973 2114 scriberet
2012 2047 2194 2114 Tom.
2238 2048 2409 2114 XVI.
2456 2071 2600 2137 pag.
2649 2046 2813 2114 45¹7:
2854 2048 3015 2114 ἐκεῖ·

634 2174 726 2224 νος
787 2151 885 2238 (L.
947 2151 1226 2219 Martius
1281 2157 1466 2242 gravi
1527 2155 1751 2220 morbo
1812 2153 2043 2222 Galeni
2106 2161 2241 2220 arte
2293 2155 2629 2236 liberatus)
2690 2157 2802 2232 τὴν
2862 2156 3017 2233 ἐμὴν

632 2259 838 2338 φωνην
884 2259 952 2324 ἐκ
997 2258 1270 2341 τρίποδος
1315 2262 1714 2340 χρυσηλάτου
1762 2257 1916 2326 εἶναι
1967 2262 2072 2327 καὶ
2122 2266 2223 2326 νῦν
2270 2262 2482 2342 φησίν.

724 2470 908 2537 rI'om.
973 2472 1146 2538 XVI.
1211 2493 1357 2561 pag.
1412 2471 1579 2539 481:
1645 2474 1769 2552 ἐγὼ
1830 2472 1881 2537 δ’
1943 2476 2009 2539 οὔ
2058 2473 2371 2552 βούλομαι
2418 2477 2523 2538 νῦν
2571 2472 2905 2552 διατρίβειν
2951 2473 3015 2537 ἐν

634 2580 972 2661 φλυαρίαις
1025 2618 1107 2630 -—
1157 2585 1404 2658 μᾶλλον
1465 2579 1530 2645 δὲ
1592 2579 1947 2646 ἀποίδειν
2008 2583 2151 2661 πρὸς
2213 2579 2283 2648 τὸ
2342 2580 2519 2655 τέλος
2567 2582 3011 2661 προθυμοῦμαι.

629 2684 842 2772 Turpe
888 2686 1192 2753 mendum
1235 2708 1350 2773 pro
1394 2688 1784 2753 σπεύδειν
1832 2688 1977 2768 πρὸς
2024 2688 2097 2752 τὸ
2143 2688 2345 2763 τέλος.

721 2899 928 2981 Quam
991 2906 1247 2966 vetusta
1307 2902 1471 2967 vitia
1531 2902 1729 2966 etiam
1774 2902 1843 2965 in
1890 2902 2153 2985 optimis
2198 2898 2378 2966 libris
2427 2900 2582 2966 olim
2629 2900 3011 2966 inoleverint

627 3006 905 3073 declarat
963 3006 1142 3073 locus
1205 3006 1432 3073 Galeni
1489 3005 1671 3072 Tom.
1742 3005 1915 3071 XVI.
1966 3026 2109 3094 pag.
2164 3004 2295 3071 636
2314 3054 2333 3084 ‚
2381 3007 2494 3071 ubi
2540 3005 2749 3072 Rufus
2794 3005 3009 3092 Ephe-

625 3115 760 3178 sius
817 3114 1102 3198 increpat
1163 3110 1510 3181 Zeuxidem
1549 3112 2073 3197 antiquissimum
2111 3110 2520 3198 Hippocratis
2556 3116 2967 3199 interpretem
2989 3162 3008 3197 ,

628 3218 730 3285 cui
793 3220 1142 3304 scripturae
1198 3220 1437 3284 vitium
1499 3220 1925 3304 imposuerat:
1992 3217 2204 3297 Ζεῦξις
2224 3266 2241 3296 ,
2304 3221 2546 3303 inquit,
2611 3221 2781 3285 κατὰ
2842 3218 3005 3283 πολὺ

625 3326 983 3407 διαφεύγων
1039 3326 1110 3391 τὸ
1156 3326 1446 3391 ἀσύνετον
1493 3325 1761 3391 ἐνταῦθα
1811 3326 2187 3406 διαπέφηνεν
2209 3346 2225 3362 ·
2274 3327 2578 3392 ἐπιπεσὼν
2626 3325 2797 3414 (lego
2843 3349 3009 3405 περι-

626 3434 850 3517 πεσὼν)
915 3435 1042 3511 γὰρ
1106 3432 1522 3511 ἁμαρτήματι
1572 3430 1887 3512 ἐφύλαξεν
1936 3431 2108 3496 αὑτό.
2181 3431 2558 3498 Retinuerat
2604 3436 2775 3499 enim
2823 3453 3006 3497 men-

623 3538 841 3603 dosam
902 3536 1240 3603 lectionem
1308 3546 1528 3603 o‘rPA
1596 3546 1707 3601 Ae
1768 3546 2127 3603 nenoNA
2193 3534 2364 3625 (οὖρα
2428 3538 2491 3603 δὲ
2556 3538 2824 3625 πέπονα)
2889 3558 3001 3624 pro

625 3652 848 3709 o‘rPA
902 3654 955 3707 Δ
1011 3650 1397 3709 enmoNA
1444 3638 1615 3723 (οὖρα
1663 3644 1713 3707 δ’
1762 3644 2079 3730 ἐπίπονα).

712 3856 891 3923 Tom.
945 3855 1114 3921 XVI.
1161 3876 1310 3944 pag.
1358 3854 1530 3922 819:
1580 3855 1642 3921 ἐν
1691 3854 1895 3922 ἅπασι
1945 3865 2071 3930 τοῖς
2119 3855 2334 3929 ἄλλοις
2383 3854 2790 3937 ἀντιγράφοις
2842 3852 3002 3935 εὗρον

627 3970 1346 4028 ΕΚΟΤΡΟΦΩΔΕΩΝ
1407 4001 1492 4011 -
1555 3961 1646 4027 ὅτι
1711 3964 1801 4039 μη
1865 3972 1992 4035 τοῖς
2044 3962 2422 4043 Διοσκορίδου
2466 3963 2570 4027 καὶ
2623 3964 2995 4034 Καπίτωνος.

618 4064 776 4133 οὗτοι
829 4068 953 4146 γὰρ
1001 4067 1292 4147 ἔγραψαν
1344 4078 2085 4135 ΕΚΕΤΡΟΦΩΔΕΩΝ.
2137 4106 2219 4118 -—
2270 4068 2457 4141 αὐτὸς
2499 4070 2613 4146 μὲν
2651 4062 2749 4134 οὖν
2789 4069 2818 4133 ὃ
2860 4079 2999 4133 Διο-

619 4174 890 4253 σκορίδης
953 4174 1039 4238 τὰ
1105 4174 1465 4252 Οτροφῶδεα
1527 4170 1668 4254 οὖρα
1734 4176 2036 4253 λέγεσθαί
2099 4182 2253 4255 φησι
2319 4176 2403 4239 τὰ
2467 4172 2699 4257 ἔχοντα
2748 4198 2886 4240 τινα
2934 4174 2997 4237 ἐν

619 4282 829 4352 αὐτοῖς
880 4282 1274 4360 ἔμφερόμενα
1318 4282 1660 4359 πεπηγότα
1706 4284 1879 4361 παρὰ
1928 4285 1999 4347 τὸ
2042 4284 2613 4363 ΔΙΛΕτρέφεσθαι,
2658 4278 2695 4345 ὅ
2712 4282 2804 4350 ἔτι
2830 4282 2995 4359 πήγ-

621 4387 869 4470 νυσθαι,
930 4388 1258 4465 γεγονότος
1318 4393 1423 4452 τοῦ
1489 4381 1805 4466 δνόμοῖτος.
1872 4388 2050 4465 ἴσμεν
2115 4389 2241 4467 γὰρ
2306 4385 2400 4452 ὅτι
2463 4388 2568 4453 καὶ
2640 4388 2669 4451 ὃ
2738 4390 2991 4463 ποιητὴς

619 4489 756 4559 εἶπε
803 4494 874 4558 τὸ
921 4492 985 4557 δὲ
1020 4494 1088 4559 τὸ
1132 4493 1237 4557 καὶ
1277 4493 1715 4575 περιςρέφεται
1754 4496 2110 4575 κυκλωδῶς,
2149 4494 2364 4572 δηλοῦν
2402 4494 2472 4559 τὸ
2519 4497 2995 4576 περιπήγνυται.
