3436 5161
600 306 735 414 {102
1554 357 1641 402 An
1686 354 2038 403 meusim.

602 533 768 614 gunt
829 527 1299 592 Ποσειδῶνα
1360 523 1465 591 vel
1528 520 1930 598 Ποσειδῶς
1995 539 2346 606 perperam.
2432 517 2746 605 Expunge
2791 516 2872 581 τί
2915 538 2994 582 ex

605 635 1041 721 dittographia
1114 638 1337 699 natum
1357 681 1377 716 ,
1439 635 1503 696 et
1573 636 1783 696 verte:
1849 633 2175 712 Neptunus
2229 637 2335 692 eat.
2413 626 2579 708 Quid
2621 624 2766 688 aio?
2807 623 2997 708 ,Nep-

609 741 844 804 tunm?

697 954 881 1020 VIII.
950 953 1011 1018 1.
1074 952 1177 1017 καὶ
1244 955 1345 1016 νῦν
1410 953 1486 1017 σὺ
1550 951 1651 1015 τὸν
1712 949 2032 1030 κιθαρῳδὸν
2087 948 2317 1014 τουτονὶ
2366 949 2470 1013 τὸν
2531 949 2603 1013 ἐκ
2656 947 2995 1023 Μηθύμνης

607 1060 1058 1135 ἀναλαβὼν
1105 1055 1452 1133 ἐξενήξω
1506 1058 1566 1128 ἐς
1612 1057 1918 1136 Ταίναρον
1967 1058 2170 1136 αὐτῇ
2223 1054 2466 1135 σκεύη
2507 1054 2642 1119 καὶ
2685 1052 2999 1135 κιθάρᾳ.

608 1166 753 1231 Non
814 1173 1075 1251 possunt
1136 1165 1256 1232 hoc
1318 1164 1510 1228 modo
1560 1163 1782 1227 divelli
1833 1183 1992 1248 quae
2039 1164 2394 1228 arctissime
2441 1162 2774 1227 cohaerent
2821 1163 2998 1224 οξνα-

613 1271 887 1348 λαβών
936 1279 999 1336 et
1049 1272 1255 1352 αὐτῇ
1307 1294 1365 1333 σ.
1416 1293 1471 1334 κ.
1526 1295 1584 1333 κ.
1656 1269 1828 1334 Fieri
1875 1275 2082 1353 potest
2128 1275 2204 1332 ut
2249 1267 2621 1355 legitimum
2663 1267 3000 1333 verborum

610 1379 897 1442 ordinem
960 1379 1276 1442 turbarint
1340 1373 1613 1452 librarii3
1686 1375 1852 1459 quod
1917 1395 2108 1459 quam
2173 1395 2356 1458 saepe
2421 1373 2587 1457 apud
2643 1372 3003 1438 Lucianum

612 1483 717 1546 vel
766 1503 915 1546 cum
963 1485 1313 1548 sententiae
1362 1480 1752 1545 detrimento
1802 1481 2102 1545 acciderit
2148 1486 2341 1546 testes
2387 1484 2537 1544 sunt
2583 1478 2736 1544 libri
2773 1500 3001 1544 manu-

612 1591 852 1674 scripti.
936 1587 1060 1653 Sed
1122 1588 1249 1653 alia
1308 1589 1475 1652 mihi
1538 1589 1808 1652 subnata
1873 1595 1970 1651 est
2029 1590 2339 1672 suspicio;
2388 1587 2556 1670 apud
2605 1586 3003 1651 Herodotum

612 1695 695 1780 (Ι.
763 1694 879 1779 23)
944 1695 1021 1759 de
1056 1694 1307 1762 ,eadem
1370 1715 1437 1758 re
1501 1692 1776 1780 legitur:
1847 1693 2086 1772 Ἀρίονα
2153 1692 2252 1757 ἐπὶ
2319 1693 2602 1771 δελφῖνος
2653 1691 3004 1772 ἐξενειχ-

616 1800 857 1864 θέντα
921 1801 982 1870 ἐς
1048 1800 1371 1876 Ταίναρον.
1459 1799 1740 1864 Eandem
1806 1799 2191 1864 locutionem
2254 1798 2648 1874 Lucianum.
2699 1802 2804 1862 cui
2850 1799 3006 1864 haec

618 1908 1149 1984 obversabantur,
1199 1907 1595 1976 adhibuisse,
1649 1926 1776 1970 non
1821 1909 1999 1970 omni
2045 1912 2216 1970 caret
2257 1905 2721 1991 probabilitate.
2789 1904 3005 1982 Adde,

621 2014 787 2098 quod
852 2010 1197 2090 ἐξενήξω
1259 2033 1333 2076 ex
1395 2010 1517 2076 fine
1566 2013 1806 2099 dialogi
1850 2012 1976 2076 huc
2025 2015 2305 2099 migrare
2352 2013 2632 2096 potuerit
2677 2017 2744 2077 et
2787 2012 3007 2099 genui-

618 2141 771 2185 nam
819 2118 1155 2184 lectionem
1202 2118 1665 2196 ἐξήνεγκας
1717 2117 2141 2204 supplantare.

714 2301 775 2364 2.
864 2303 891 2366 ὅ
960 2301 1312 2380 Περίανδρος
1390 2300 1639 2380 ἔχαιρεν
1716 2303 1930 2382 αὐτῷ
2014 2303 2116 2366 καὶ
2190 2302 2496 2373 πολλάκις
2566 2301 3008 2380 μετεπέμπετο
3079 2326 3082 2329 ·

626 2408 928 2494 [αὐτὸν]
995 2408 1094 2470 ἐπὶ
1161 2417 1237 2488 τῇ·
1303 2407 1514 2488 τέχνῃ.
1605 2407 1788 2473 Talia
1831 2415 1965 2473 tam
2017 2409 2194 2474 brevi
2242 2407 2580 2474 intervallo
2627 2429 2665 2474 a
2709 2410 3011 2493 scriptore

623 2513 842 2600 paullo
905 2514 1292 2601 elegantiore
1340 2535 1465 2578 non
1513 2521 1902 2600 repetuntur.
1979 2514 2138 2580 Dele
2189 2515 2454 2580 αὐτόν.
2525 2515 2682 2582 Mox
2731 2518 3010 2601 interpo-

622 2624 809 2689 latori
871 2622 1061 2687 redde
1125 2622 1195 2693 ἐς
1256 2624 1393 2695 τὴν
1460 2626 1934 2697 Μήθυμναν.
2019 2620 2322 2706 Sequitur
2383 2621 2616 2699 ἐπιβὰς
2693 2622 3010 2699 πορθμείου

620 2729 776 2799 τινὸς
842 2729 1190 2805 κακούργων
1252 2727 1491 2803 ἀνδρῶν
1536 2731 1612 2799 ὦς
1678 2727 1942 2805 ἔδειξε
2003 2728 2195 2793 πολὺν
2259 2724 2429 2805 ἄγων
2495 2728 2720 2808 χρυσόν
2784 2754 2854 2792 τε
2903 2729 3009 2793 καὶ

620 2835 897 2915 ἄργυρον.
968 2835 1110 2898 Ηοο
1158 2836 1305 2899 ferri
1356 2854 1534 2919 posse
1579 2856 1705 2899 non
1752 2855 1956 2921 neg-03
2003 2836 2110 2899 sed
2161 2834 2368 2899 multo
2418 2838 2627 2923 magis
2675 2835 2834 2899 mihi
2877 2834 3013 2920 pla·

620 2949 821 3008 ceret:
886 2943 962 3013 ὥς
1015 2939 1369 3023 ἔδειξαν,
1418 2948 1485 3002 ιιι
1530 2950 1740 3005 eventu
1773 2947 1978 3025 patuit
1994 2962 2012 3021 3
2063 2942 2144 3008 cf.
2193 2941 2419 3007 Toxar.
2471 2963 2524 3006 c.
2579 2942 2696 3007 12:
2747 2940 3013 3015 ἄπιστος

626 3050 741 3125 μὲν
786 3048 927 3126 πρὸς
978 3047 1231 3125 Φιλίαν,
1286 3046 1357 3117 ὦς
1413 3045 1694 3123 ἔδειξε.

716 3258 803 3325 X.
855 3256 917 3321 2.
976 3256 1077 3319 τὸν
1126 3254 1427 3339 δράκοντα
1476 3255 1571 3335 δέ,
1622 3254 1682 3322 &c
1736 3264 1836 3323 νῦν
1885 3258 2180 3336 ἐξοιστρεῖ
2211 3260 2403 3333 αὐτὴν
2451 3268 2550 3340 Φο
2567 3263 2743 3340 βῶν.
2810 3262 3016 3329 Miror

626 3372 769 3453 post
832 3386 969 3429 acre
1035 3365 1297 3429 verbum
1358 3362 1810 3444 ἔξοιστρεῖν
1859 3364 2236 3451 languidum
2287 3366 2448 3431 illud
2497 3370 2785 3433 territans
2832 3369 3012 3435 addi-

627 3479 785 3536 tum.
859 3469 1047 3534 Venit
1094 3473 1158 3533 in
1208 3472 1489 3535 mentem
1540 3474 1830 3554 σοβῶν,
1881 3474 2149 3553 aqimus,
2192 3496 2566 3559 persequens.
2616 3474 2710 3542 Cf.
2764 3473 3006 3561 Catapl.

627 3600 677 3643 c.
732 3576 770 3641 3
818 3575 1008 3657 ὥςπερ
1058 3599 1117 3641 τι
1166 3578 1444 3641 αἰπόλιον
1493 3578 1715 3649 αὐτοὺς
1768 3588 1845 3659 τῇ
1893 3578 2099 3661 ῥάβδῳ
2149 3579 2433 3658 σοβῶν.

715 3790 868 3857 XII.
916 3791 971 3854 1.
1020 3790 1268 3855 ἐπειδὰν
1317 3790 1477 3855 πολὺ
1522 3792 1681 3857 ἀπὸ
1732 3800 1842 3866 τῆς
1891 3801 2008 3869 γῆς
2059 3792 2523 3859 ἀποσπάσωσιν.
2573 3793 2731 3859 ἀπὸ
2781 3776 3013 3862 additi-

626 3899 797 3962 cium
862 3918 1029 3973 esse,
1100 3899 1235 3982 ipse
1298 3900 1546 3961 evincet
1609 3898 1965 3984 Lucianus3
2029 3900 2108 3964 cf.
2174 3898 2249 3965 D.
2317 3900 2395 3967 D.
2455 3902 2496 3966 5
2543 3903 3014 3978 ἀπεσπάσαμεν

625 4008 741 4067 τῶν
804 4004 1101 4079 ἀστέρωνς
1166 4000 1415 4067 Charon
1479 4025 1532 4069 c.
1596 4007 1675 4068 21
1733 4006 2221 4080 ἀποσπάσαντες
2269 4014 2385 4071 τῶν
2433 4014 2696 4073 πολλῶν.
2769 4007 3011 4074 Iterum

623 4094 957 4193 peccatum
1005 4118 1101 4175 est
1147 4109 1242 4174 De
1289 4110 1494 4174 Domo
1543 4132 1596 4177 c.
1654 4113 1734 4175 12
1783 4114 1940 4178 πολὺ
1997 4114 2180 4201 [ἀπὸ]
2230 4122 2341 4189 τῆς
2390 4122 2509 4193 γῆς
2555 4118 2950 4181 ἀποσπάσαι.

715 4322 912 4387 XIII.
982 4326 1043 4385 2.
1113 4324 1304 4413 ἐχρῆν,
1360 4347 1430 4388 σε
1496 4324 1893 4406 προαρπάσαι
1949 4327 2088 4392 τὸν
2137 4324 2347 4406 ἔρωτα.
2423 4328 2657 4395 Manca
2702 4332 3015 4398 sententia

616 4430 738 4497 erit
783 4431 906 4497 nisi
954 4430 983 4493 ἕ
1000 4428 1099 4511 μό
1115 4453 1145 4495 ν
1192 4430 1549 4517 addideris,
1598 4430 1699 4496 τὸν
1749 4432 1946 4511 ἐμὸν
2000 4431 2216 4515 ἔρωτα.
