3436 5161
380 1509 744 1577 218-225

380 1614 742 1683 226-233

379 1722 736 1790 234--241

375 2570 736 2640 242--249

375 2679 511 2746 250
531 2727 549 2759 ,
599 2681 728 2747 251

1357 389 1618 441 cassms
1661 369 1793 440 n1o.
2638 369 2772 438 333

1044 555 1174 622 Hic
1210 556 1438 624 lacuna
1476 563 1573 624 est
1610 560 2100 646 quaternionum
2125 561 2472 626 minimum
2499 558 2773 625 duorum

943 679 953 688 “
1046 665 1237 748 (quae
1282 666 1455 728 enim
1504 684 1580 730 ex
1622 664 1743 730 hac
1791 671 1970 751 parte
2010 668 2454 750 excerpserunt
2493 662 2774 749 xiphili-

1039 789 1159 834 nus
1210 775 1275 835 et
1314 769 1639 858 Eclogarii
1676 774 2170 838 constantiniani
2205 771 2601 856 Zonarasque
2639 773 2773 836 iam

1041 879 1451 960 quaternione
1486 898 1613 945 uno
1638 877 2088 963 comprehendi
2111 881 2483 964 nequeunt).
2524 876 2776 943 Desinit

1042 982 1239 1048 codex
1275 985 1345 1048 in
1389 983 1601 1051 verbis
1642 985 1748 1049 καὶ
1791 985 1902 1058 τὴν
1935 982 2136 1059 ἄλλην
2161 986 2377 1064 ἀρετὴν
2404 983 2772 1055 ἐπετήδευσε

1041 1088 1169 1152 ἀπε
1222 1085 1330 1174 57,
1383 1089 1490 1174 17,
1542 1087 1625 1174 8,
1674 1110 1896 1155 rursus
1941 1091 2170 1176 incipit
2217 1088 2337 1167 58,
2391 1088 2453 1164 7,
2503 1087 2546 1155 2
2593 1085 2774 1153 ἄλλα

1042 1194 1149 1258 καὶ
1199 1195 1398 1277 ἑωυτῷ
1447 1195 1601 1262 ἔθυε.
1672 1197 1870 1262 Per-‘it
1913 1196 2104 1278 iqitm·
2150 1203 2208 1261 et
2244 1196 2460 1260 tibulus
2499 1201 2556 1259 eb
2591 1194 2772 1258 inde-v

1043 1300 1189 1366 libri
1251 1301 1359 1367 58.
1423 1301 1794 1388 Sequuntur
1857 1310 1986 1369 tres
2047 1304 2487 1388 quaterniones
2533 1302 2771 1388 integri

1040 1409 1151 1492 qui
1198 1410 1523 1475 continent
1568 1408 1764 1476 folia:

1044 1831 1290 1898 Iterum
1338 1835 1504 1899 inter
1539 1832 1695 1900 folia
1735 1832 1864 1899 241
1907 1837 1974 1901 et
2011 1832 2146 1899 242
2187 1853 2352 1898 unus
2388 1832 2595 1900 duove
2619 1852 2770 1918 qua·

1042 1941 1359 2005 terniones
1420 1937 1722 2006 deficiunt
1739 1987 1756 2017 ‚
1805 1961 1952 2006 nam
2003 1938 2218 2026 plures
2264 1939 2576 2004 excidisse
2621 1957 2768 2022 pro-

1040 2043 1251 2110 babile
1310 2065 1437 2110 non
1499 2053 1614 2110 est.
1684 2043 1937 2111 Ultima
1993 2046 2186 2112 verba
2247 2043 2356 2109 fol.
2414 2042 2565 2108 241'
2619 2047 2771 2108 sunt

1040 2148 1163 2229 59,
1215 2149 1337 2228 25,
1387 2150 1421 2214 1
1467 2151 1794 2217 ἀπέκτεινε
1831 2151 1975 2234 καὶ,
2013 2153 2224 2236 prima
2263 2148 2368 2215 fol.
2412 2148 2545 2213 242
2584 2149 2767 2213 ἀλλὰ

1038 2256 1135 2321 ἀεὶ
1186 2257 1293 2322 καὶ
1342 2257 1403 2320 ἐν
1450 2257 1707 2342 παιδείᾳ
1753 2255 1874 2333 60,
1927 2257 2000 2332 2,
2060 2258 2120 2321 l.
2196 2257 2412 2341 Itaque
2455 2253 2766 2318 intercidit

1039 2361 1131 2450 (id
1179 2361 1345 2447 quod
1380 2365 1449 2427 in
1485 2362 1650 2428 libro
1687 2383 1942 2449 quoque
1984 2361 2069 2426 58
2109 2361 2411 2427 accidisse
2450 2359 2762 2445 vidimus)

1032 2469 1177 2532 bibra·
1216 2467 1303 2534 60
1348 2477 1405 2534 et
1443 2469 1658 2534 titulus
1697 2477 1754 2532 et
1788 2470 1987 2532 index.
2061 2467 2160 2534 Ex
2196 2467 2368 2534 foliis
2399 2463 2756 2532 242-251

1034 2575 1287 2663 integro
1334 2577 1745 2661 quaternione
1789 2577 2191 2641 continentur
2237 2580 2302 2639 et

1036 2682 1163 2749 duo
1208 2682 1363 2749 folia
1408 2685 1732 2768 sequentis
1779 2684 2211 2767 quaternionis
2255 2688 2406 2747 sunt
2442 2700 2602 2766 quae
2636 2699 2764 2746 non

1039 2788 1392 2855 cohaerent.
1462 2788 1637 2853 luter
1698 2788 1809 2854 fol.
1876 2787 2008 2853 249
2069 2796 2134 2853 et
2193 2786 2326 2852 250
2373 2806 2577 2851 unum
2625 2791 2764 2851 tan·

1034 2900 1176 2960 tum
1216 2894 1445 2960 folium
1482 2896 1707 2980 periit,
1749 2896 2032 2979 primum
2075 2893 2269 2959 huius
2309 2894 2764 2979 quaternionis.

1036 3000 1213 3082 Quae
1259 3002 1623 3067 continebat
1659 3003 1914 3088 integra
1953 3010 2294 3085 supersunt
2329 3002 2397 3064 in
2437 2998 2764 3064 codicibus

1034 3108 1297 3175 alterius
1344 3108 1563 3174 classis
1609 3128 1766 3193 quos
1812 3113 1956 3193 post
2001 3108 2468 3173 recensebimus
2505 3104 2608 3187 (L.
2651 3103 2759 3181 60,

1039 3214 1146 3293 1¹7,
1199 3213 1456 3299 Ι7-20,
1508 3214 1549 3278 4
1598 3214 1879 3294 ἑκάτερον
1929 3250 2012 3263 -··
2063 3214 2140 3284 ὥς
2190 3212 2240 3277 δ’
2293 3212 2394 3277 ἐπὶ
2443 3214 2759 3292 ποταμῷ).

1032 3321 1210 3387 Inter
1248 3322 1293 3385 f.
1335 3319 1469 3386 250
1516 3326 1580 3386 et
1630 3319 1762 3388 257
1813 3319 1940 3386 duo
1984 3318 2138 3385 folia
2177 3318 2582 3404 exciderunt,
2622 3320 2762 3404 qui-

1035 3428 1155 3493 bus
1214 3426 1593 3514 legebantur
1652 3449 1707 3493 c.
1770 3426 1894 3511 22,
1946 3424 2204 3505 3-26,
2251 3424 2294 3491 2
2343 3426 2600 3497 ἐκείνους
2647 3425 2762 3503 μὲν

1031 3534 1103 3607 33,
1146 3570 1231 3581 —
1272 3528 1391 3598 εἶτ’
1458 3528 1557 3598 οὖν
1618 3532 1886 3613 ἐφεξῆς,
1949 3533 2180 3599 itidem
2241 3533 2424 3598 nobis
2489 3534 2558 3597 in
2626 3528 2762 3596 inis

1033 3638 1356 3704 codicibus
1394 3647 1664 3705 servata.
1706 3640 1862 3705 Fuit
1897 3639 2102 3727 igitur
2138 3638 2184 3704 f.
2212 3636 2346 3705 250
2370 3637 2719 3703 secundum
2741 3682 2758 3715 ,

1033 3744 1079 3809 f.
1128 3742 1256 3809 251
1309 3748 1608 3830 quintum
1663 3746 1860 3810 huius
1907 3747 2356 3831 quaternionis.

464 3850 690 3935 Itaque
728 3853 990 3936 apparet
1023 3870 1101 3915 ex
1136 3870 1401 3915 numero
1447 3850 1476 3915 θ
1520 3870 1645 3936 quo
1682 3858 1943 3917 notatus
1983 3856 2118 3917 erat
2156 3852 2268 3935 qui
2305 3870 2474 3916 nunc
2511 3850 2760 3935 primus

370 3961 467 4023 est
527 3958 859 4041 quaternio
878 4002 894 4033 ,
962 3956 1244 4023 codicem
1308 3956 1629 4022 Venetum
1708 3956 1866 4022 olim
1939 3967 2078 4023 octo
2125 3956 2645 4041 quaternionibus
2691 3956 2760 4019 in

368 4064 557 4127 initio
617 4064 968 4129 auctiorem
1030 4062 1247 4127 fuisse.
1318 4058 1458 4142 Quo
1506 4064 1996 4146 quaternionum
2042 4082 2310 4128 numero
2357 4082 2506 4128 cum
2554 4063 2758 4128 eonti-

367 4172 641 4232 neantur
676 4170 950 4255 pag-inae
988 4166 1285 4233 editionis
1322 4166 1766 4234 Dindorfianae
1802 4188 1927 4233 non
1965 4167 2112 4253 plus
2154 4167 2284 4232 144
2315 4188 2520 4254 neque
2542 4172 2758 4233 tamen

368 4272 579 4339 multo
640 4275 854 4337 minus
915 4273 1385 4359 (quaterniones
1453 4270 1718 4340 18-25
1787 4274 1923 4341 cod.
1980 4273 2241 4353 Veneti,
2291 4280 2367 4339 ut
2411 4272 2532 4339 hoe
2579 4280 2754 4351 utar,

368 4378 913 4465 comprehendunt
967 4400 1117 4469 pag.
1182 4379 1279 4445 ed.
1329 4379 1522 4447 Dind.
1575 4378 1734 4467 143)
1785 4380 2065 4447 codicem
2112 4383 2404 4446 nostrum
2450 4382 2758 4465 incepisse

366 4485 498 4552 fere
544 4487 614 4557 in
661 4506 715 4551 c.
767 4482 1033 4551 10-12
1078 4484 1231 4551 libri
1278 4485 1364 4552 41
1413 4486 1829 4553 statuendum
1877 4493 2008 4567 est,
2047 4486 2217 4553 unde
2255 4488 2552 4572 consequi
2588 4482 2756 4551 mihi
