3436 5161
1626 120 1653 165 λ,

1270 402 1544 451 mvms
1592 400 1931 451 sosarnus.
2663 386 2794 451 369

413 562 567 628 sisse
640 562 887 648 legatos
963 564 1391 653 Eupolemum
1463 573 1528 634 et
1588 564 1628 635 J
1632 588 1909 635 asonem.
1979 566 2196 635 Huius
2257 568 2296 635 J
2299 572 2506 636 asonis
2565 591 2795 639 nomen

412 668 683 735 adscivit
755 667 1117 757 Cyrenaeus
1134 721 1152 751 ‚
1231 678 1339 760 qui
1410 673 1672 741 illorum
1743 680 2106 762 temporum
2176 674 2512 743 historiam
2581 682 2799 765 postea

410 777 903 854 consarcinavit,
965 799 1238 864 quorum
1284 780 1589 847 librorum
1642 789 1936 868 excerpta
1979 782 2162 848 nobis
2208 787 2548 869 supersunt
2593 785 2662 849 in
2707 785 2800 857 al-

408 886 543 949 tero
590 881 755 949 libro
800 883 1348 953 Maccahaeorum.
1397 888 1583 955 Alius
1629 888 1759 954 fuit
1802 909 1927 955 non
1974 872 2190 955 minus
2225 888 2609 972 φιλοψευδές
2631 940 2646 967 ‚
2691 893 2797 958 cui

407 990 749 1077 Eupolemi
808 1014 1039 1060 nomen
1094 993 1359 1080 placuit.
1432 995 1647 1062 Huius
1692 995 2034 1081 Eupolemi
2078 996 2438 1081 fragmenta
2482 996 2795 1083 quaedam

409 1105 749 1185 supersunt
790 1099 959 1185 apud
1004 1100 1355 1168 Eusebium
1376 1154 1395 1187 ,
1443 1106 1554 1190 qui
1601 1124 1720 1169 sua
1757 1104 1946 1168 debet
1986 1102 2342 1181 Alexandro
2381 1102 2795 1191 Polyhistori.

406 1202 617 1272 Lubet
677 1205 870 1275 huius
918 1206 1258 1293 Eupolemi
1304 1230 1506 1276 unum
1557 1209 1772 1275 locum
1821 1209 2190 1295 emendare,
2237 1213 2351 1296 qui
2397 1210 2565 1296 apud
2613 1208 2795 1277 Mu]-

406 1311 613 1378 lerum
662 1318 759 1378 est
803 1311 949 1380 Vol.
995 1312 1090 1378 111
1128 1336 1193 1400 p.
1232 1313 1389 1381 212.
1438 1315 1687 1401 Nempe
1728 1314 2122 1400 Eupolemus
2157 1321 2378 1383 auctor
2414 1316 2574 1394 fuit,
2599 1316 2796 1383 Abra-

404 1418 675 1484 hamum
738 1420 1098 1508 Aegyptios
1158 1421 1577 1510 astrologiam
1643 1422 1966 1499 docuisse3
2031 1420 2294 1488 Eusebii
2354 1423 2548 1489 verba
2607 1426 2794 1488 sunt:

408 1526 512 1591 καὶ
577 1527 687 1601 την
749 1527 1122 1609 ἆςρολογίαν
1183 1528 1287 1593 καὶ
1355 1530 1439 1593 τὰ
1501 1528 1695 1594 λοιπὰ
1758 1534 1971 1593 τοῦτον
2031 1529 2243 1601 αὖτοῒς
2301 1528 2786 1605 εἰσηγήσασθαι,

406 1632 689 1713 Φοίμενον
754 1633 1332 1711 Βαβυλωνίους
1396 1639 1607 1701 ταῦτα
1669 1634 1778 1701 κα)
1827 1636 2014 1702 αὐτὸν
2061 1634 2528 1720 εὑρηκέναι,
2574 1636 2682 1711 τὴν
2730 1634 2794 1701 δὲ

407 1738 635 1821 εὕρεσιν
698 1742 900 1806 αὐτῶν
960 1742 1045 1815 εἷς
1096 1740 1301 1825 Ἑνὼχ
1350 1740 1750 1820 ἀναπέμπειν
1796 1740 1900 1807 καὶ
1950 1746 2162 1807 τοῦτον
2208 1740 2519 1822 εὑρηκέναι
2565 1746 2794 1823 πρῶτον

405 1849 516 1923 την
578 1847 985 1933 οὶςρολογίαν,
1060 1850 1168 1913 οὐκ
1232 1849 1637 1926 Λίγυπτίους.
1724 1847 1949 1934 Itaque
2011 1846 2354 1936 Babylonii
2413 1846 2796 1936 astrologiae

405 1957 766 2023 inventores
826 1955 1118 2033 fuerunt,
1184 1955 1293 2021 sed
1352 1954 1727 2021 Patriarcha
1785 1953 2014 2020 itidem
2061 1958 2356 2021 inventor
2403 1956 2526 2019 fuit
2571 1960 2638 2019 et
2682 1953 2794 2021 diu

407 2066 554 2127 ante
600 2082 748 2127 eum
796 2059 1059 2128 Henoch
1107 2060 1315 2127 fuerat
1362 2061 1471 2146 qui
1521 2063 1750 2139 πρῶτος
1793 2055 1960 2141 εὗρεν
1979 2110 1998 2144 ,
2040 2066 2116 2125 ut
2155 2058 2382 2128 Graeci
2421 2059 2791 2147 loquuntur.

407 2164 533 2233 Sed
580 2166 945 2253 perplexam
991 2167 1275 2233 fabulam
1322 2188 1448 2233 non
1496 2166 1790 2252 expedies
1809 2215 1825 2245 ,
1876 2167 2004 2232 nisi
2045 2169 2468 2254 rescripseris:
2511 2164 2794 2249 Φάμενον

408 2272 960 2353 Βαβυλωνίοις
1026 2278 1239 2339 ταῦτα
1305 2274 1407 2339 καὶ
1471 2273 1657 2339 αὐτὸν
1721 2273 2159 2354 εἰρηκέναι.
2238 2268 2464 2359 Itaque
2527 2270 2794 2339 Henooh

406 2380 581 2448 solus
643 2383 936 2447 inventor
995 2380 1121 2447 fuit
1173 2386 1237 2446 et
1285 2386 1566 2467 posteros
1612 2400 1760 2445 suos
1805 2378 2218 2465 astrologiam
2265 2378 2516 2457 docuit;
2566 2376 2792 2445 deinde

408 2488 727 2554 Abraham
777 2492 1141 2572 praeceptor
1186 2487 1309 2551 fuit
1356 2485 1857 2574 Babyloniorum
1904 2486 2190 2571 primum
2237 2490 2302 2549 et
2341 2505 2492 2549 mox
2534 2482 2793 2573 Aegyp·

409 2598 665 2662 tiorum.
715 2594 904 2661 Nunc
950 2601 1117 2660 certe
1165 2593 1595 2681 intelligimus
1642 2593 1804 2678 quod
1854 2591 2154 2679 legimus.
2231 2590 2356 2672 Qui
2405 2591 2558 2658 haec
2598 2593 2796 2680 scrip·

408 2702 531 2780 sit,
597 2700 754 2768 olim
817 2699 1140 2767 nonnullis
1203 2703 1379 2766 visus
1438 2700 1566 2765 fuit
1624 2699 1799 2765 idem
1847 2697 1962 2764 ille
2008 2696 2434 2782 Eupolemus,
2481 2700 2594 2784 qui
2639 2718 2791 2766 oum

406 2807 714 2874 Romanis
773 2807 991 2874 foedus
1044 2807 1232 2885 fecit;
1284 2808 1390 2873 sed
1438 2826 1560 2873 non
1610 2812 1747 2874 erat
1789 2803 1828 2870 J
1830 2805 1989 2871 udas
2035 2803 2447 2870 Maccabaeus
2494 2808 2608 2891 qui
2653 2805 2792 2872 ani-

404 2914 577 2980 libus
638 2913 874 2980 tabulis
936 2912 1235 2980 delectari
1297 2923 1506 2998 posset
1551 2915 1858 2999 misitque
1877 2960 1893 2990 ,
1941 2913 2165 2999 opinor
2181 2958 2198 2988 ,
2245 2910 2520 2978 Romam
2571 2909 2790 2978 corda-

406 3023 551 3087 tum
592 3023 809 3088 virum
825 3068 843 3099 ,
884 3042 1011 3088 non
1047 3025 1427 3108 nugatorem
1466 3025 1531 3087 et
1568 3019 1734 3086 nihil
1766 3019 1896 3084 nisi
1917 3018 2245 3085 mendacia
2268 3016 2785 3084 deblaterantem.

372 3223 381 3234 ’
496 3233 696 3302 Venio
762 3234 841 3300 ad
900 3233 1121 3321 Antiq.
1195 3234 1299 3302 13.
1354 3235 1414 3302 1.
1466 3231 1527 3299 3.
1600 3233 1723 3300 Die
1785 3229 2044 3300 Saturni
2103 3229 2449 3297 Bacchides
2508 3230 2794 3298 adoritur

407 3341 749 3408 Jonatham
800 3341 874 3412 ὥς
924 3342 988 3406 οὔ
1034 3340 1520 3423 μαχόμενον
1570 3339 1764 3420 ἐκείνη
1810 3338 1914 3403 διὰ
1961 3339 2064 3403 τὸν
2112 3336 2310 3416 νόμον.
2361 3335 2489 3403 Hie
2523 3359 2604 3404 ne
2627 3335 2790 3405 Bok-

406 3448 599 3515 kerus
660 3447 919 3534 quidem
982 3472 1092 3526 μα
1108 3469 1205 3527 χο
1225 3445 1259 3511 ύ
1278 3471 1513 3525 μενον
1575 3445 2024 3534 corrigendum
2085 3465 2218 3510 esse
2281 3443 2466 3511 vidit.
2535 3441 2662 3510 Sed
2723 3446 2794 3512 in

407 3554 724 3640 Lipsiensi
781 3554 1059 3620 editione
1121 3555 1338 3620 omnia
1396 3551 1799 3640 negligenter
1857 3551 2302 3618 administrata
2357 3555 2536 3630 sunt3
2585 3549 2793 3618 veluti

408 3663 627 3747 Antiq.
675 3658 781 3726 13.
834 3661 893 3724 5.
945 3658 986 3726 8
1034 3661 1113 3726 de
1162 3661 1419 3726 tributis
1468 3679 1677 3725 sermo
1723 3655 1828 3737 fit,
1885 3678 2045 3745 quae
2091 3657 2319 3740 ὤφειλε
2365 3657 2436 3722 τὸ
2480 3663 2596 3723 τῶν
2646 3658 2793 3724 ’1ου-

408 3766 589 3834 δαίων
639 3765 797 3840 ἔθνος
844 3766 992 3831 ἀπὸ
1039 3773 1156 3832 τῶν
1200 3765 1447 3848 πρώτων
1494 3764 1838 3844 βασιλέων,
1879 3764 1995 3829 ubi
2036 3762 2155 3828 ἐπὶ
2199 3785 2424 3830 verum
2463 3768 2580 3830 est.
2629 3761 2794 3833 Con·

406 3877 507 3939 tra
567 3871 787 3959 Antiq.
859 3870 959 3938 13.
1014 3871 1076 3938 6.
1128 3871 1203 3958 ¹7,
1266 3873 1381 3937 ubi
1442 3871 1726 3960 legimus
1777 3868 2204 3936 introductam
2253 3869 2448 3938 fuisse
2495 3891 2708 3937 aeram
2753 3891 2794 3938 a

408 3977 667 4046 Simone
714 3976 1010 4065 pontifice
1055 3981 1373 4056 maximo,
1426 3975 1531 4046 ὅς’
1570 3981 1632 4043 ἐν
1674 3983 1800 4050 τοῖς
1841 3978 1984 4056 πρὸς
2025 3977 2334 4052 ἀλλήλους
2376 3974 2790 4056 συμβολαίοις

409 4087 511 4150 καὶ
562 4094 687 4158 τοῖς
736 4085 1041 4162 δημοσίοις
1088 4084 1499 4166 γράμμασιν,
1549 4083 1669 4149 ἐπὶ
1720 4089 1824 4150 τοῦ
1875 4082 2108 4164 πρώτου
2155 4080 2323 4155 ἔτους
2365 4083 2634 4163 γράφειν
2679 4087 2790 4153 Σί-

407 4215 599 4270 μωνος
662 4195 771 4257 τοῦ
836 4191 1153 4271 εὐεργέτου
1216 4191 1553 4276 Ἰουδαίων,
1616 4193 1812 4257 etiam
1861 4192 1994 4257 sine
2039 4190 2406 4257 Aristarcho
2451 4191 2790 4260 rescribere

410 4300 761 4386 poterimus
806 4298 959 4364 ἀπὸ
1007 4304 1113 4364 τοῦ
1165 4297 1397 4380 πρώτου
1448 4297 1637 4371 ἔτους.

502 4514 718 4599 Antiq.
771 4508 875 4577 13.
928 4509 991 4580 ’7.
1044 4511 1079 4579 1
1145 4510 1427 4599 legimus
1464 4508 1872 4598 Tryphonem
1912 4529 2023 4598 per
2059 4510 2350 4578 fraudem
2397 4512 2792 4578 interemisse
