3436 5161
666 285 801 355 340
1633 302 1894 353 osssrus
1938 298 2068 353 mo.

664 470 958 537 Ῥαίτινον
1021 469 1293 542 ἐλθόντες
1358 469 1411 534 01
1474 470 1762 545 Ῥωμαῖοι
1820 470 1942 549 οὐχ
1988 468 2204 546 ὁμοίως
2253 466 2676 551 ἀπήλλαξαν,
2720 488 2802 533 ne
2848 468 3052 534 oratio

662 576 905 652 hiaret,
954 578 1023 643 in
1064 575 1235 641 hunc
1282 574 1549 640 modum
1593 576 2046 641 commutatis:
2095 576 2148 640 οἱ
2199 573 2278 639 δέ
2324 598 2419 653 γε
2464 573 2636 653 μετὰ
2675 577 3049 654 Γερμανικοῦ

663 689 953 760 Ῥωμαῖοι
1014 681 1115 746 ἐπὶ
1183 681 1475 747 Ῥαίτινον
1538 688 1651 755 τῆς
1712 682 2102 757 Δαλματίας
2170 680 2352 746 πόλιν
2404 681 2677 753 ἐλθόντες
2727 681 2793 745 οὐ
2839 685 3046 753 καλῶς

662 789 1067 866 ἀπήλλαξαν.
1117 785 1243 854 Sed
1282 787 1544 853 Batonis
1583 806 1834 872 quoque
1873 786 2262 853 deditionem
2305 793 2368 853 et
2408 786 2680 854 liberam
2725 786 2806 853 ad
2853 786 3048 853 Tibe-

660 894 831 957 rium
893 914 1115 960 vocem
1163 892 1308 979 (56,
1363 891 1445 958 16
1465 940 1482 970 ,
1535 892 1607 977 2)
1668 894 1738 957 in
1785 891 2024 959 Veneto
2075 895 2337 978 reperiri
2383 912 2512 959 non
2569 892 3044 959 animadvertit.

658 997 838 1065 Haec
897 1000 1117 1085 itaque
1176 1000 1275 1065 bis
1320 1001 1387 1063 in
1434 998 1649 1064 codice
1696 996 1981 1063 Mediceo
2033 1010 2074 1063 Β
2121 1001 2554 1066 inveniuntur.
2623 996 2924 1065 Ceterum
2973 1004 3046 1065 ut

658 1106 729 1169 in
774 1107 1005 1171 mediis
1052 1107 1261 1172 verbis
1296 1111 1445 1171 ante
1490 1103 1717 1170 Veneti
1755 1103 2048 1171 lacunam
2084 1105 2376 1170 substitit
2423 1107 2624 1171 oratio
2647 1150 2664 1183 ‚
2713 1107 2807 1169 ita
2843 1108 2884 1169 f.
2915 1102 3044 1169 188

658 1210 727 1275 in
774 1211 1003 1277 mediis
1049 1212 1403 1289 exorditur,
1460 1211 1693 1296 quibus
1737 1210 2050 1298 neglectis
2089 1217 2300 1277 noster
2337 1210 2486 1277 inde
2523 1231 2562 1276 a
2598 1230 2764 1278 nova
2799 1214 3044 1277 senten-

658 1319 753 1383 tia
788 1317 1068 1383 codicem
1108 1316 1313 1383 denuo
1352 1316 1703 1382 exscribere
1738 1320 1979 1402 coepit:
2021 1317 2166 1383 τότε
2228 1316 2292 1382 δὲ
2341 1316 2510 1402 (καὶ
2553 1317 2581 1381 ὃ
2621 1316 3040 1396 Αὔγουστος)

657 1432 732 1505 τῇ
780 1424 895 1500 μὲν
941 1425 1235 1505 γερουσία
1283 1448 1339 1487 κ.
1366 1447 1427 1487 τ.
1454 1437 1516 1488 λ.
1566 1424 1603 1507 §
1651 1420 1717 1487 2.

747 1528 947 1595 Plane
992 1529 1255 1595 eandem
1306 1528 1690 1595 medicinam
1745 1529 1810 1593 in
1859 1530 2085 1594 ceteris
2132 1528 2378 1595 lacunis
2421 1529 2832 1595 resarciendis
2868 1528 3044 1595 adhi-

658 1635 834 1709 buit,
901 1635 1012 1699 nbi
1075 1634 1241 1700 nihil
1298 1637 1365 1699 in
1412 1633 1750 1719 Xiphilino
1797 1636 2114 1700 inveniret
2158 1630 2230 1700 eo
2279 1639 2612 1701 contentus
2657 1636 2854 1702 verba
2900 1644 3046 1701 ante

655 1746 723 1806 et
767 1747 911 1825 post
958 1739 1254 1806 lacunam
1302 1747 1593 1805 truncata
1634 1745 1769 1806 tota
1804 1741 2112 1805 omisisse.
2163 1739 2350 1815 Quod
2388 1762 2548 1827 quos
2584 1761 2824 1806 errores
2860 1760 3044 1826 pepe-

652 1850 810 1911 rerit
873 1865 999 1910 uno
1062 1845 1343 1912 alterove
1400 1844 1692 1931 exemplo
1750 1851 2101 1911 monstrare
2157 1846 2357 1911 iuvat.
2447 1846 2590 1911 Lib.
2655 1846 2739 1911 56
2759 1896 2776 1931 ,
2826 1845 2914 1911 22
2933 1895 2950 1930 ,
3001 1848 3044 1913 2

656 1951 768 2016 ubi
814 1949 1092 2017 Venetus
1140 1951 1295 2017 haec
1341 1952 1532 2017 habet
1578 1950 1683 2036 (de
1722 1950 1900 2016 clade
1946 1949 2220 2016 Variana
2267 1972 2474 2017 sermo
2530 1953 2683 2036 est):
2746 1952 3046 2017 ἑκόπτετό

654 2081 725 2122 τε
766 2055 864 2124 οὖν
903 2057 1092 2131 ἀδεῶς
1132 2060 1260 2127 πῶς
1299 2058 1405 2122 καὶ
1449 2059 1596 2136 ἀνὴρ
1636 2056 1742 2122 καὶ
1783 2054 1968 2129 ἵππος
2010 2058 2118 2122 καὶ
2158 2056 2243 2123 τοὶ
2288 2082 2427 2123 τε..
2455 2106 2470 2123 .
2497 2058 2674 2124 deest
2697 2058 2927 2125 folium
2951 2104 3043 2125 ...

653 2166 723 2231 τὸ
772 2167 886 2245 μὲν
926 2170 1155 2243 πρῶτον
1182 2200 1272 2213 --
1295 2166 1366 2231 τὸ
1414 2169 1625 2245 ψῦχος
1670 2163 2164 2229 ἀνακαλούντων.
2218 2164 2334 2231 κᾶν
2375 2162 2608 2237 πάντες
2646 2163 2964 2231 ἀπώλοντο
3003 2164 3039 2241 ἢ

654 2271 761 2336 καὶ
815 2271 1097 2337 ἑάλωσαν
1148 2294 1207 2337 κ.
1232 2296 1295 2339 τ.
1318 2284 1416 2350 λ.,
1464 2268 1577 2335 ille
1622 2290 1738 2336 nos
1781 2269 1965 2336 docet
2009 2292 2182 2355 equos
2225 2291 2424 2357 paene
2473 2272 2825 2337 interiisse:
2863 2270 3043 2337 ἐκόπ·

650 2400 793 2443 τετο
843 2401 913 2443 τε
958 2372 1059 2442 οὖν
1106 2377 1293 2448 ἀδεῶς
1342 2381 1469 2450 πῶς
1520 2376 1625 2441 καὶ
1674 2376 1824 2455 ἀνὴρ
1877 2376 1983 2440 καὶ
2027 2374 2215 2449 ἵππος
2236 2399 2251 2415 ·
2301 2377 2420 2443 κᾶν
2455 2362 2688 2450 πάντες
2723 2377 3042 2443 ἀπώλοντο

651 2508 709 2549 κ.
736 2507 795 2547 τ.
821 2502 882 2549 λ.
957 2482 1132 2563 Quae
1174 2485 1243 2547 in
1288 2481 1527 2548 Veneto
1576 2481 1900 2567 perierunt
1947 2502 2024 2547 ex
2071 2488 2249 2568 parte
2297 2486 2581 2550 servavit
2625 2483 2897 2550 Zonaras
2937 2484 3040 2571 X,

651 2588 736 2656 37
787 2590 908 2675 (ed.
961 2589 1150 2657 Dind.
1197 2611 1259 2675 p.
1310 2587 1442 2654 452
1492 2610 1584 2656 vs.
1640 2587 1958 2674 12-20).
2027 2588 2100 2652 L.
2147 2587 2272 2668 56,
2307 2588 2432 2674 24,
2476 2590 2514 2654 5
2560 2590 2797 2657 ultima
2845 2593 3044 2658 verba

645 2695 693 2764 ί.
744 2695 893 2761 198‘
940 2695 1167 2762 τούτων
1212 2720 1283 2760 τε
1328 2690 1428 2761 οὖν
1474 2693 1656 2760 ἕνεκα
1704 2694 1809 2759 καὶ
1859 2691 1951 2760 ὅτι
2003 2695 2109 2761 καὶ
2140 2742 2155 2760 .
2186 2743 2203 2761 .
2231 2743 2248 2760 .
2291 2698 2548 2782 omisit3
2587 2716 2701 2783 pro
2749 2697 2842 2762 eis
2878 2717 3041 2783 quae

641 2804 712 2868 in
768 2823 1023 2868 summo
1068 2802 1223 2868 folio
1272 2800 1403 2868 199
1450 2801 1793 2888 leguntur:
1821 2849 1835 2864 .
1871 2847 1886 2865 .
1922 2847 1938 2866 .
1970 2850 1984 2868 .
2034 2802 2207 2880 μετὰ
2257 2802 2368 2877 τὴν
2413 2804 2805 2883 στρατηγίαν
2852 2801 3038 2886 ἔχων.

642 2911 727 2990 τῷ
791 2909 855 2973 δὲ
914 2909 1164 2990 δευτέρῳ
1212 2909 1297 2974 τοὶ
1344 2933 1415 2974 τε
1466 2906 1642 2973 ἄλλα
1693 2908 1778 2972 τὰ
1829 2908 2233 2988 προειρημένα
2281 2909 2524 2987 ἐγένετο
2573 2909 2680 2974 καὶ
2728 2911 2800 2976 τὸ
2847 2914 3038 2990 Ὁμο-

643 3014 824 3080 νόειον
873 3015 987 3079 ὑπὸ
1036 3019 1141 3081 τοῦ
1189 3015 1477 3095 Τιβερίου
1525 3013 1848 3093 καθιερώθη
1903 3014 2058 3080 haec
2105 3015 2478 3081 substituit:
2523 3017 2630 3081 καὶ
2672 3021 2883 3083 ταῦτα
2923 3017 3038 3096 μὲν

642 3119 793 3187 οὕτω
842 3121 984 3186 τότε
1033 3124 1104 3200 (i.
1131 3143 1186 3187 e.
1229 3141 1390 3188 anno
1434 3121 1545 3198 10)
1586 3118 1840 3197 συνέβη.
1882 3121 1968 3201 τῷ
2012 3118 2076 3184 δὲ
2121 3120 2257 3197 ἑξῆς
2294 3119 2420 3186 ἔτει
2457 3130 2648 3202 (anno
2688 3125 2895 3211 igitur
2927 3124 3036 3210 11)

642 3226 715 3291 τό
783 3252 855 3292 τε
924 3226 1269 3306 Ὀμονόειον
1339 3228 1454 3292 ὑπὸ
1524 3231 1631 3291 τοῦ
1698 3226 1989 3307 Τιβερίου
2063 3228 2408 3307 καθιερώθη.
2496 3229 2585 3294 At
2649 3227 3036 3297 Concordiae

643 3335 979 3422 Augustae
1044 3332 1364 3418 templum
1424 3353 1481 3398 a.
1548 3332 1611 3397 d.
1674 3331 1864 3398 xvn
1911 3331 2060 3398 Kal.
2107 3333 2291 3398 Febr.
2339 3337 2489 3400 anni
2537 3333 2621 3398 10
2669 3335 3035 3402 dedicatum

644 3446 741 3506 est
802 3445 879 3505 ut
938 3439 1164 3505 docent
1224 3438 1402 3504 Fasti
1463 3438 1861 3504 Praenestini
1923 3438 2002 3503 ad
2066 3437 2238 3504 hunc
2299 3439 2471 3506 diem
2535 3437 2609 3506 O.
2669 3439 2720 3506 Ι.
2771 3442 2844 3506 L.
2894 3441 2926 3507 Ι
2971 3463 3033 3527 p.

644 3544 776 3611 312
796 3593 813 3624 ,
878 3551 943 3610 et
1006 3548 1141 3631 ipse
1201 3543 1359 3630 Dio,
1420 3545 1532 3629 qui
1576 3549 1721 3629 post
1769 3563 1972 3628 pauca
2019 3544 2281 3610 demum
2329 3565 2428 3610 res
2475 3566 2637 3613 anno
2689 3547 2766 3613 ll
2817 3553 3034 3636 gestas

639 3672 894 3719 narrare
941 3652 1203 3735 incipit:
1248 3649 1507 3729 Μάρκου
1542 3648 1603 3713 δὲ
1653 3649 1946 3727 Αἰμιλίου
1993 3650 2165 3726 μετα
2206 3651 2544 3717 Στατιλίου
2582 3652 2828 3734 Ταύρου
2870 3655 3030 3718 ὑπα-

641 3761 977 3832 τεύσαντος
1025 3783 1083 3823 κ.
1109 3781 1169 3823 τ.
1196 3772 1259 3822 λ.

731 3866 853 3932 Sed
920 3867 987 3931 in
1048 3886 1115 3930 re
1179 3863 1524 3929 manifesta
1583 3862 1880 3950 exempla
1941 3863 2270 3930 cumulare
2331 3866 2486 3950 quid
2549 3864 2820 3932 attinet?
2889 3867 3032 3934 Hoc

642 3979 901 4038 tantum
954 3991 1181 4036 moneo
1240 3970 1550 4036 damnum
1613 3969 1756 4036 folii
1819 3972 2012 4035 unius
2073 3976 2218 4057 post
2278 3972 2480 4037 καίτοι
2534 3973 2648 4044 τὰς
2699 3971 2816 4059 (56
2839 4023 2855 4052 ,
2909 3973 3028 4054 32,

646 4077 713 4165 1)
781 4097 818 4141 a
880 4075 1218 4162 Xiphilino
1282 4078 1638 4140 maximam
1697 4075 1956 4160 quidem
2008 4082 2253 4161 partem
2303 4097 2506 4164 neque
2553 4083 2770 4144 tamen
2815 4084 3024 4146 totum

639 4188 1007 4269 reparatum
1044 4203 1196 4248 esse.
1248 4179 1421 4261 Quae
1464 4179 1907 4246 desiderantur
1945 4182 2115 4268 apud
2135 4181 2444 4248 Zonaram
2477 4183 2559 4248 10
2581 4231 2599 4263 ,
2626 4183 2712 4250 38
2739 4187 2829 4271 (p.
2858 4186 3026 4264 454,

642 4287 992 4366 27—455,
1058 4286 1211 4370 313)
1266 4290 1552 4364 exstant,
1600 4285 1770 4372 quod
1816 4289 1948 4352 iam
1995 4289 2164 4356 vidit
2206 4289 2570 4356 Reimarus.
2638 4291 2864 4378 Neque
2909 4293 3026 4359 hoc

638 4393 1275 4482 praetermittendum
1295 4440 1314 4477 ,
1363 4411 1513 4458 cum
1560 4395 1946 4480 argumenta
1989 4401 2055 4460 et
2100 4394 2279 4461 tituli
2324 4394 2637 4464 librorum
2689 4396 2776 4464 58
2825 4403 2892 4466 et
2939 4397 3024 4464 60
