3436 5161
1411 376 1812 427 monows.
2674 356 2800 425 171

481 549 542 615 ·1
603 549 694 615 25
758 548 1238 629 ὑποκρητηρίδιον
1301 546 1565 626 σιδήρεον
1611 546 1926 620 κολλητόν.
2002 546 2065 613 Ν
2067 548 2215 614 aber
2262 548 2531 614 coniecit
2576 545 2806 624 σιδηρο-

414 654 732 731 κὸλλητον.
803 654 930 721 Sed
973 654 1057 721 of.
1107 654 1378 720 Pansam.
1431 652 1493 717 X
1545 656 1668 730 16,
1721 652 1755 716 1
1804 674 1899 739 sq.

501 857 532 924 I
595 858 682 923 30
744 856 817 922 εί
873 881 1061 923 τινα
1109 857 1252 932 ἤδη
1304 855 1550 921 παντων
1599 852 1724 922 εἶδε
1776 857 2316 936 ὀλβιώτατον.
2386 857 2600 925 Nabar
2644 858 2807 923 coni.

410 963 698 1041 ὄλβιον
759 962 982 1029 οὕτω.
1070 962 1197 1030 Sed
1256 983 1337 1029 ne
1397 963 1488 1029 sio
1553 963 1813 1048 quidem
1872 984 1979 1029 me
2038 964 2251 1029 iudice
2310 968 2479 1029 reete
2540 963 2808 1048 quadrat

411 1070 662 1137 Solonis
720 1079 1090 1157 responsum
1164 1069 1405 1137 Τέλλον
1471 1070 1827 1154 Ἀθηναῖον,
1885 1071 2035 1155 quia
2074 1070 2255 1135 docet
2302 1070 2581 1135 nsmtio
2622 1067 2807 1135 Solo-

415 1196 563 1242 nem
609 1175 863 1243 'l'ellum
909 1198 1035 1243 non
1075 1177 1308 1243 hebere
1347 1198 1530 1261 aeque
1567 1176 1810 1262 febu'oem
1852 1180 2041 1260 atque
2078 1173 2424 1252 Croesum,
2466 1174 2575 1241 ssd
2614 1174 2808 1241 illum

413 1280 661 1347 παντων
709 1279 1127 1359 ὀλβιωτατον,
1176 1282 1346 1347 huno
1393 1302 1473 1345 ne
1517 1280 1799 1359 ὄλβιον
1846 1281 2127 1366 quidem.
2198 1280 2545 1347 Manifesto
2587 1282 2807 1347 reseri-

411 1388 728 1455 bendum:
777 1387 961 1452 τίνα
1013 1388 1098 1462 δὴ
1146 1386 1394 1453 πάντων
1439 1388 1570 1451 ιιι-ἑ.
1619 1392 1694 1452 ut
1739 1386 2053 1453 edendum
2103 1388 2341 1454 curavi.

501 1589 534 1655 1
600 1589 686 1657 43
749 1590 861 1665 τήν
923 1615 992 1657 τε
1058 1589 1341 1670 μα’χην
1403 1590 1509 1655 και
1579 1592 1684 1658 τὸν
1745 1594 1852 1655 τοῦ
1916 1590 2133 1663 παιδὸς
2196 1588 2376 1670 μόρον
2420 1588 2685 1669 ἐσήμηνέ
2730 1591 2805 1655 οἱ.

413 1695 678 1763 Temere
739 1697 952 1765 Naber
1013 1698 1328 1784 corrigere
1391 1698 1558 1763 mihi
1621 1697 1878 1763 videtur
1942 1697 2185 1772 πλάνην
2205 1743 2221 1776 ,
2284 1697 2451 1781 quod
2510 1717 2593 1763 ne
2651 1697 2807 1763 satis

410 1802 672 1887 quidem
721 1802 1050 1890 intellego.
1122 1803 1198 1868 In
1257 1802 1534 1869 editione
1581 1824 1726 1869 mea
1774 1802 2020 1867 contuli
2066 1824 2202 1887 cap.
2252 1801 2339 1868 39
2384 1802 2548 1869 extr.
2596 1802 2803 1879 ἐπείτε

411 1904 488 1973 ὦν
551 1910 617 1973 οὐ
681 1909 824 1988 πρὸς
890 1906 1111 1989 ἄνδρας
1165 1911 1310 1987 ἡμῖν
1358 1908 1602 1986 γίνεται
1654 1917 1710 1974 Η
1764 1917 2011 1975 ΜΛΧΗ
2060 1909 2247 1987 μέτες
2297 1933 2416 1987 με,
2464 1909 2577 1975 ubi
2624 1910 2803 1995 eogi-

412 2014 606 2081 tando
651 2012 1024 2099 supplemus
1067 2014 1248 2081 ἀλλὰ
1293 2015 1436 2095 πρὸς
1488 2015 1696 2093 θηρίον.

500 2199 535 2264 Ι
598 2198 682 2265 65
743 2201 1054 2277 μετέςησε
1115 2202 1202 2269 τὰ
1263 2200 1501 2280 νόμιμα
1561 2202 1779 2270 πάντα
1844 2204 1948 2269 καὶ
2015 2200 2386 2284 ἐφύλαξε
2450 2205 2658 2266 ταῦτα
2708 2202 2800 2281 μη

412 2306 846 2384 παραβαίνειν.
912 2309 1125 2375 Naber
1171 2310 1444 2375 coniecit
1490 2307 1757 2385 ἔταξε.
1822 2307 1947 2375 Sed
1987 2309 2254 2375 verbum
2296 2307 2571 2394 simplex
2608 2329 2798 2374 num-

409 2432 600 2499 quam
663 2415 756 2481 sio
817 2416 1026 2481 utitur
1085 2414 1486 2500 Herodotus,
1548 2421 1613 2481 et
1677 2415 1913 2483 melius
1983 2416 2352 2481 eonieoisset
2422 2412 2797 2490 ἐπέταξε.

411 2515 660 2585 Collato
707 2517 845 2586 looo
892 2506 983 2586 VI
1033 2523 1116 2590 21
1169 2526 1327 2588 extr.
1377 2524 1614 2608 possis:
1674 2521 1778 2587 καὶ
1830 2519 2185 2597 ἐπέταξε
2232 2523 2447 2586 ταῦτα
2492 2520 2798 2599 μηδένα

413 2623 847 2706 παραβαίνειν.
934 2623 1061 2692 Sed
1123 2625 1258 2692 fieri
1319 2633 1528 2713 potest
1576 2632 1649 2690 ut
1695 2625 1980 2708 ἐφύλαξε
2028 2627 2429 2695 retinendum
2474 2630 2561 2694 sit
2605 2630 2800 2694 inter-

412 2731 918 2818 pretandnmque
964 2735 1090 2815 Zeye
1134 2737 1310 2798 cavit.

501 2917 533 2984 I
585 2917 716 2985 103
763 2917 931 2993 οὗτος
981 2920 1244 2999 λέγεται
1293 2921 1523 2987 πολλὸν
1570 2920 1660 2988 ἔτι
1709 2920 1994 3001 γενέσθαι
2030 2923 2441 3003 ἀλκιμώτερος
2482 2928 2599 2989 τῶν
2632 2945 2799 3004 προ-

409 3023 681 3103 γόνων.
754 3025 898 3092 Νοιι
960 3030 1217 3113 scripsit
1271 3027 1360 3094 H.
1424 3026 1748 3093 πάντων
1793 3035 1911 3093 τῶν
1964 3028 2299 3108 προγόνων,
2353 3027 2462 3094 sed
2506 3027 2801 3116 intellegi

408 3131 618 3198 voluit
664 3151 820 3217 quos
869 3133 1058 3199 modo
1110 3136 1468 3200 nominavit
1521 3131 1831 3222 Gyaxsris
1878 3141 2127 3220 patrem
2176 3141 2239 3199 et
2284 3155 2482 3202 avum
2530 3135 2799 3200 Phrsor-

411 3242 519 3303 ten
575 3244 641 3303 et
707 3238 982 3306 Deiocen
1001 3287 1018 3318 ,
1067 3242 1285 3326 itaque
1331 3240 1497 3307 nihil
1544 3262 1701 3326 opus
1748 3223 1851 3306 est·
1890 3240 1952 3306 Ν
1955 3242 2127 3307 aberi
2176 3246 2535 3308 coniectura
2580 3265 2800 3320 προγε-

411 3343 698 3422 νομένων,
765 3345 934 3429 quod
995 3351 1317 3432 praeterea
1377 3368 1501 3413 non
1552 3347 1769 3413 addito
1815 3345 2127 3424 βασιλέων
2175 3349 2369 3414 nimis
2414 3348 2639 3414 fuisset
2687 3349 2798 3415 ob-

409 3469 690 3516 sourum.

497 3639 534 3704 I
599 3638 727 3704 141
797 3637 1082 3705 δοκέοντά
1148 3644 1353 3720 σφεας
1415 3641 1580 3726 (τοὺς
1645 3641 1854 3728 ἰχθῦς)
1908 3639 2501 3717 ἐξελεύσεσθαι
2548 3643 2608 3714 ἐς
2654 3649 2796 3720 γῆν.

404 3744 620 3812 Naber
681 3747 950 3811 coniecit
999 3743 1366 3821 ἕξαλέεσθαι
1388 3795 1405 3830 ,
1453 3747 1622 3832 quod
1670 3745 2009 3829 ἐξέρχομαι
2058 3747 2136 3813 de
2180 3747 2462 3832 piscibus
2507 3746 2635 3812 diei
2684 3765 2797 3812 ne-
2832 3747 2853 3764 ⁶

405 3855 616 3934 queat.
688 3850 832 3917 Non
872 3850 1223 3918 advertisse
1263 3853 1522 3919 videtur
1560 3855 1778 3920 virum
1823 3853 2091 3918 subinde
2132 3854 2329 3918 nimis
2366 3853 2757 3938 suspicacem
2778 3897 2797 3930 ,

405 3959 624 4042 paneis
668 3963 813 4043 post
861 3958 1150 4022 versibus
1195 3958 1274 4024 de
1319 3959 1548 4025 iisdem
1600 3959 1727 4024 dioi
1777 3959 2109 4038 ἐκβαίνειν.

497 4061 532 4126 I
580 4060 712 4127 162
758 4059 906 4134 ὅκως
958 4064 1284 4142 τειχήρεας
1334 4064 1638 4150 ποιήσειε,
1688 4065 1760 4128 τὸ
1809 4065 2077 4129 ἐνθεῦτεν
2115 4069 2312 4144 χῶμα
2350 4065 2481 4144 χῶν
2523 4063 2667 4146 πρὸς
2706 4063 2795 4129 τὰ

407 4168 634 4248 τείχεα
698 4169 838 4233 ἐπό
855 4193 886 4247 ρ
905 4169 934 4234 θ
953 4193 984 4233 ε
1004 4192 1054 4234 ε.
1137 4166 1583 4235 Necessarium
1645 4169 1710 4236 N
1713 4171 1901 4236 abero
1963 4170 2221 4238 videtur
2279 4189 2577 4256 reponere
2624 4171 2793 4234 ero-

409 4287 485 4341 λι
506 4274 540 4340 ό
552 4297 583 4353 ρ
599 4297 682 4340 κε
699 4299 750 4341 ε.
824 4273 1062 4356 Quidni
1107 4281 1356 4341 vertere
1400 4275 1552 4342 licet
1599 4284 1837 4342 vastare
1884 4275 2337 4359 agor-odiebatur
2354 4275 2387 4342 ‚9

497 4475 561 4542 11
622 4479 708 4543 56
757 4441 1010 4543 ’ἔπειτεν
1075 4476 1446 4543 δουλεύουσα
1508 4477 1720 4546 αὐτόθι
1784 4477 2140 4560 ἱδρύσασθαι
2188 4479 2331 4544 ὑπὸ
2376 4479 2611 4559 Φηγῷ
2662 4500 2793 4542 πε·
