3436 5161
688 371 821 439 330
1659 392 1920 443 csssms
1963 392 2094 443 mo.

734 555 1004 625 25-32
1072 580 1153 609 ··—-··
1176 556 1249 636 ιβ

775 664 952 730 deest
1175 689 1244 744 ty
1286 666 1298 751 Ι
1340 663 1467 751 46,
1516 662 1643 750 23,
1693 668 1736 733 2
1783 662 1953 746 εἴπερ
1994 664 2135 731 τινὰ
2176 664 2471 740 ἀλήθειαν
2497 700 2580 713 —-·
2606 684 2662 729 c.
2703 660 2830 747 43,
2869 661 2915 729 2
2951 664 3078 745 οὐχ

1340 770 1431 838 ὅτι
1484 771 1589 836 καὶ
1639 771 1985 849 ἐβούλοντο.
2056 769 2323 839 Servata
2365 771 2521 836 haec
2567 771 2636 834 in
2681 768 2975 835 Mediceo
3018 780 3074 835 A

1344 880 1598 966 paginis
1666 876 1750 943 18
1815 878 2114 944 editionis
2159 875 2600 943 Dindorfisnse
2647 877 3075 942 continentur.

1339 984 1597 1072 Singuli
1638 991 1856 1052 sutem
1899 986 2341 1071 quaterniones
2381 983 2519 1050 cod.
2560 982 2712 1048 Ven.
2748 982 2818 1049 id
2856 986 3072 1070 ipsum

1340 1094 1623 1177 spatium
1690 1090 1888 1177 (lvm
1949 1090 2054 1159 vel
2121 1091 2206 1157 18
2267 1090 2678 1179 paginarum)
2739 1095 3070 1177 occupant.

1342 1196 1582 1283 Operae
1644 1200 1923 1283 pretium
1984 1202 2081 1265 est
2145 1197 2443 1264 adnotare
2502 1196 2622 1263 hoc
2678 1196 2988 1262 damnum
3037 1218 3075 1263 a

1340 1324 1541 1371 manu
1600 1306 1944 1371 recentiore
2002 1304 2356 1370 indicatum
2422 1324 2557 1369 esse
2574 1352 2595 1387 ‚
2661 1322 2822 1387 quae
2867 1304 2915 1367 f.
2969 1300 3074 1367 32¹

1340 1411 1509 1476 infra
1566 1407 1733 1491 εἶσι-ἐρ
1782 1435 1920 1477 τινα
1971 1412 2117 1487 ἄλη·
2163 1412 2314 1497 (sic)
2361 1414 2426 1475 et
2471 1412 2540 1474 in
2587 1428 2843 1475 summo
2889 1410 2936 1473 f.
2985 1406 3072 1473 33

1346 1520 1466 1598 οὐχ
1534 1512 1626 1583 ὅτι
1682 1518 1785 1583 καὶ
1838 1518 2164 1598 ἐβούλοντο
2211 1517 2406 1592 αὐτῆς
2453 1524 2674 1599 τυχεῖν
2719 1514 3068 1602 adscripsit.

732 1619 1001 1687 33-40
1068 1624 1226 1688 =13

731 1727 999 1794 41--48
1065 1753 1225 1794 =1s

731 1832 997 1900 49-56
1065 1858 1231 1903 ==1⁶5

732 1937 1002 2005 57-64
1067 1938 1235 2022 =1Z

733 2042 1000 2112 65--72
1069 2069 1231 2120 --ιη

732 2146 1001 2216 73-80
1069 2154 1224 2219 =10

730 2255 1000 2322 81-88
1068 2282 1213 2323 =x

732 2360 999 2428 89-96
1067 2388 1255 2430 --·και

734 2466 1048 2536 97-104
1068 2496 1151 2521 =
1174 2472 1262 2548 κβ

689 2574 1048 2644 105-112
1070 2603 1151 2630 =
1174 2602 1259 2657 κγ

688 2682 1149 2749 113---120Ξ
1173 2683 1247 2750 κδ
1286 2687 1297 2770 Ι
1338 2684 1554 2752 Huius
1632 2689 1886 2753 numeri
1964 2706 2166 2772 paucs
2235 2685 2545 2771 quaedem
2617 2685 2896 2773 vestigia
2967 2706 3073 2750 su-

1338 2797 1619 2877 persunt.

686 2895 809 2961 121
825 2894 1043 2961 -128
1066 2920 1147 2947 =
1172 2920 1241 2961 κε

778 3001 953 3068 deest
1176 3027 1255 3073 κς·
1294 3004 1307 3089 Ι
1350 3001 1474 3089 52,
1523 3001 1602 3078 5.
1653 3001 1697 3069 2
1747 3003 1972 3076 αὐτοὺς
2007 3001 2186 3080 μόνον
2229 3041 2311 3052 -
2353 3023 2406 3068 c.
2447 3000 2573 3087 20,
2615 3001 2658 3068 4
2695 3025 2859 3081 ματ-ι
2897 3002 3072 3082 γενό-

1342 3134 1615 3189 μενοι-ἐ
1643 3107 1809 3188 1511.
1869 3131 2017 3198 pag.
2080 3110 2176 3176 ed.
2241 3109 2432 3175 Dind.
2491 3109 2856 3175 Numerum
2905 3107 3072 3194 1¹7⁸!⁴

1345 3217 1451 3285 vel
1520 3215 1601 3281 18
1649 3217 2034 3304 paginarum
2079 3215 2272 3282 huius
2319 3203 2616 3281 editionis
2659 3235 2785 3281 non
2833 3213 3076 3301 expleri

1342 3321 1603 3398 lacuna,
1694 3343 1820 3407 qua
1894 3322 2048 3387 haec
2116 3341 2262 3406 pars
2331 3320 2611 3399 laborat,
2695 3319 3072 3406 explicatur.

1346 3429 1552 3494 Periit
1592 3429 1761 3494 enirn
1803 3433 1948 3513 post
1985 3448 2037 3493 c.
2080 3425 2164 3492 13
2183 3477 2200 3512 ,
2247 3427 2284 3495 7
2325 3426 2468 3493 finis
2508 3426 2812 3492 orationis
2834 3429 3073 3514 Agrip-

1345 3554 1463 3620 pae
1516 3539 1581 3599 et
1626 3533 2019 3600 Maecenatis
2067 3534 2489 3618 responsionis
2535 3533 2872 3600 exordium
2918 3532 3074 3599 folio

1342 3645 1411 3708 in
1472 3640 1647 3708 Med.
1715 3652 1772 3707 A
1835 3642 2144 3719 abscisso,
2195 3638 2263 3704 id
2311 3639 2478 3726 quod
2521 3639 2834 3708 indicavit
2879 3639 3072 3706 libra-

1346 3749 1481 3812 rius
1518 3745 1695 3814 Med.
1735 3758 1778 3810 Β
1800 3797 1818 3831 ,
1861 3768 2052 3832 quem
2090 3747 2246 3813 haec
2287 3767 2321 3812 e
2355 3745 2648 3812 Mediceo
2689 3756 2745 3811 A
2786 3745 3074 3812 hausisse

1344 3858 1488 3940 post
1549 3852 1993 3921 demonstrabo
2053 3854 2158 3940 (cf.
2209 3874 2272 3938 p.
2324 3851 2483 3938 337)
2504 3900 2520 3932 ,
2568 3855 2786 3919 vacuis
2831 3852 3074 3918 relictis

1344 3958 1454 4027 fol.
1519 3957 1653 4026 203
1718 3959 1930 4026 medio
1991 3966 2056 4026 et
2118 3957 2289 4039 203',
2354 3979 2480 4024 non
2541 3959 2709 4026 vidit
2772 3958 3074 4026 librarius

1342 4065 1647 4133 Vaticani
1710 4078 1766 4132 A
1815 4066 1894 4132 cf.
1905 4087 1965 4151 p.
2017 4064 2170 4131 325.
2220 4064 2474 4131 Folium
2523 4069 2740 4132 autem
2789 4066 2966 4134 Med.
3017 4077 3070 4131 A

1341 4168 1568 4252 ==2¹l2
1630 4193 1780 4260 pag.
1844 4172 1938 4238 ed.
1991 4171 2182 4238 Dind.
2253 4169 2392 4237 Hoc
2439 4192 2690 4257 quoque
2735 4171 3070 4238 dammum

1342 4281 1662 4346 indicatur
1727 4279 1805 4345 ab
1867 4278 2088 4345 eodem
2153 4278 2446 4355 homine,
2513 4298 2704 4364 quem
2767 4297 2958 4362 supra
3003 4279 3071 4342 in

1340 4384 1452 4452 fol.
1518 4383 1604 4451 33
1666 4385 2218 4472 deprehendimus.
2289 4381 2560 4470 Scripsit
2621 4385 2796 4448 enim
2843 4384 2887 4447 f.
2941 4381 3068 4448 129

1344 4511 1537 4577 supra
1594 4491 1763 4573 ζήτει
1822 4491 1892 4558 τὸ
1955 4488 2133 4566 τέλος
2199 4495 2308 4564 τῆς
2377 4493 2486 4555 τοῦ
2557 4489 2847 4572 καίσωρος
2915 4489 3068 4577 (sic,
