3436 5161
644 323 779 390 344
1620 341 1878 392 masma
1923 341 2048 390 nro.

639 515 787 576 utor
832 510 925 594 (in
972 509 1167 595 praef.
1216 507 1314 574 ed.
1366 527 1559 593 supra
1600 505 1926 594 laudatae)
1975 527 2122 574 cum
2169 508 2306 592 ipse
2351 504 2632 572 codicem
2683 524 2806 570 non
2853 503 3032 570 vide-

638 617 763 680 rim
784 663 801 691 ,
868 613 1119 680 saeculo
1167 613 1417 682 decimo
1462 621 1641 678 sexto
1684 621 1956 680 exeunte
2001 616 2310 698 scriptum
2359 632 2494 678 esse
2537 631 2618 678 ex
2660 611 3026 678 litterarum

640 720 863 784 formis
910 723 1197 786 coniecit.
1270 719 1507 785 Verum
1558 719 1885 805 aliquanto
1931 719 2078 805 plus
2121 719 2414 806 equidem
2465 719 2800 784 tribuerim
2847 721 3028 784 testi·

639 828 855 892 monio
916 825 1383 892 bibliothecarii
1442 826 1776 892 cuiusdam
1841 825 2171 892 Vesontini
2217 823 2405 892 Costa
2451 827 2564 912 qui
2615 847 2726 908 „ou
2771 827 2916 890 date
2957 829 3028 890 de

640 929 729 996 28
792 932 1077 996 Pluviose
1136 955 1215 996 an
1277 928 1321 996 8
1368 933 1443 996 de
1487 933 1551 995 ca
1596 931 1972 1016 Re‘publique
2015 931 2388 1014 Franqaiu·’
2435 931 2590 998 folio
2633 931 2823 997 tertio
2869 931 3028 997 haec

638 1038 1001 1104 adnotavit:
1054 1039 1155 1115 „le
1196 1039 1527 1104 manum-ie
1566 1038 1846 1121 provient
1889 1038 2373 1119 oriyinairment
2417 1039 2492 1104 de
2529 1039 2591 1102 la
2633 1036 3030 1124 nudamque

639 1145 714 1208 de
760 1145 1058 1210 Halmius
1102 1145 1385 1208 Corvinus
1408 1193 1431 1227 ,
1468 1144 1561 1208 roi
1600 1146 1675 1208 de
1712 1143 1990 1225 Honqrie
2011 1151 2070 1208 et
2089 1146 2165 1208 de
2192 1143 2510 1220 Bobius,
2536 1143 2706 1228 quod
2731 1141 3026 1210 Cestium

640 1250 717 1316 de
762 1270 877 1316 suo
924 1253 1317 1337 excogitasse
1364 1251 1473 1314 vix
1513 1249 1913 1316 crediderim.
1962 1249 2184 1336 Itaque
2223 1249 2474 1316 saeculo
2513 1249 2762 1319 decimo
2799 1251 3030 1334 quinto

638 1359 913 1440 scriptus
961 1357 1237 1423 videtur.
1310 1356 1816 1436 quaternionum
1863 1358 2036 1441 prior
2081 1355 2396 1442 longeque
2441 1357 2648 1422 maior
2685 1375 2833 1440 pars
2879 1353 3030 1442 (38)

636 1461 875 1528 litteris
932 1465 1179 1548 graecis
1196 1509 1213 1538 ,
1275 1463 1587 1547 posterior
1646 1462 1918 1528 arabicis
1975 1464 2260 1528 numeris
2311 1462 2552 1549 signati
2595 1466 2760 1528 sunt.
2833 1460 3028 1528 Prae·

638 1573 811 1634 terea
872 1587 985 1653 pro
1028 1568 1547 1654 quaternionibus
1562 1615 1577 1645 ,
1630 1567 1972 1636 adnotante
2021 1565 2252 1636 Grosio
2267 1613 2286 1646 ,
2335 1567 2658 1634 interdum
2705 1569 3026 1635 terniones

636 1675 1071 1741 inveniuntur.
1190 1735 1195 1738 .

724 1781 855 1848 Hic
900 1802 1147 1867 quoque
1192 1781 1389 1847 codex
1434 1801 1515 1846 ex
1560 1781 1808 1848 duobus
1855 1781 2325 1848 contaminatus
2363 1785 2480 1846 est.
2541 1777 2764 1846 Media
2801 1783 3022 1848 autem

636 1909 783 1973 pars
844 1909 881 1953 a
933 1887 1177 1954 Veneto
1222 1899 1281 1952 A
1330 1897 1427 1954 est
1474 1887 1822 1971 descripta,
1872 1907 2000 1971 quo
2043 1891 2330 1971 tempore
2377 1883 2730 1973 bibliopegi
2774 1887 3024 1954 incuria

637 2013 967 2079 perperam
1029 1993 1325 2079 illigatus
1370 1999 1526 2060 erat.
1600 1991 1897 2060 Vidimus
1937 1995 2106 2058 enim
2155 1992 2264 2079 (cf.
2309 2012 2503 2078 supra
2544 2013 2608 2078 p.
2657 1991 2820 2078 334)
2867 1998 3024 2060 tuno

637 2098 793 2164 folia
856 2096 1127 2163 81--88
1190 2099 1451 2184 (quibus
1514 2100 1917 2166 continentur
1965 2097 2087 2177 49,
2133 2097 2216 2174 2,
2269 2097 2532 2183 2—22,
2583 2098 2656 2184 1)
2697 2101 2866 2166 inter
2907 2098 3022 2166 fol.

640 2204 725 2271 72
774 2211 839 2270 et
894 2203 979 2272 73
1028 2206 1099 2290 (f.
1152 2203 1239 2272 73
1286 2207 1513 2290 incipit
1558 2225 1597 2270 a
1640 2205 1856 2270 verbis
1895 2207 2201 2270 πενθοῦντι
2249 2209 2693 2270 memoradum-0
2733 2203 2858 2282 48,
2907 2203 3024 2282 3⁸,

637 2309 710 2398 8)
753 2314 1081 2378 interiecta
1120 2311 1335 2390 fuisse.
1384 2310 1477 2376 Ea
1512 2317 1729 2376 autem
1767 2313 1906 2396 ipsa
1943 2313 2153 2395 capita
2189 2313 2258 2376 in
2279 2310 2624 2377 Vesontino
2645 2313 2714 2376 in
2737 2311 3016 2378 mediam

634 2419 1106 2506 paragraphum
1156 2416 1199 2481 8
1245 2417 1395 2483 libri
1444 2419 1561 2493 48,
1612 2415 1697 2482 37
1749 2417 2051 2482 translata
2099 2437 2232 2482 esse
2279 2415 2460 2484 Gros.
2508 2417 2770 2484 indicat.
2829 2416 3022 2484 Prae-

636 2533 806 2591 terea
852 2527 971 2592 toti
1018 2526 1458 2610 quaterniones
1504 2525 1589 2601 ty'
1639 2523 1746 2608 (=
1771 2521 1894 2609 46,
1943 2521 2072 2609 23,
2121 2520 2380 2602 2-43,
2425 2523 2498 2609 2)
2535 2531 2601 2590 et
2639 2524 2743 2593 ις’
2777 2525 2886 2610 (=·=
2911 2524 3017 2602 52,

637 2632 677 2696 5
694 2678 713 2708 ,
779 2630 1003 2695 2--20
1020 2678 1035 2708 ,
1102 2631 1171 2717 4)
1229 2636 1419 2715 atque
1466 2652 1544 2697 ex
1589 2632 2001 2716 quaternione
2046 2632 2156 2709 λγ
2199 2629 2354 2696 folia
2401 2650 2544 2709 sex,
2593 2636 2898 2717 quattuor
2942 2653 3022 2698 ex

633 2744 725 2804 λε’
786 2758 861 2803 eo
920 2744 1205 2822 tempore
1261 2738 1391 2801 iam
1460 2739 1868 2803 interierant:
1933 2736 2090 2803 haec
2137 2739 2354 2803 omnia
2398 2736 2628 2803 desunt
2671 2738 2742 2801 in
2787 2736 3022 2803 Veson-

634 2848 790 2911 tin0.
874 2844 1009 2909 Nec
1078 2852 1293 2911 tamen
1356 2850 1566 2907 totum
1632 2842 1954 2908 Venetum
2017 2854 2068 2909 A
2135 2864 2286 2909 eum
2348 2843 2752 2928 descripsisse
2805 2864 2884 2909 ex
2945 2864 3024 2910 so

635 2950 1049 3017 manifestum
1110 2954 1207 3015 est
1266 2948 1433 3033 quod
1495 2950 1563 3015 in
1625 2951 1966 3033 postremis
2031 2949 2214 3015 libris
2280 2970 2486 3035 neque
2552 2970 2692 3017 eam
2763 2957 3022 3035 quater·

633 3059 899 3123 nionum
963 3056 1503 3141 perturbationem
1526 3102 1543 3133 ‚
1591 3075 1785 3140 quam
1833 3062 1977 3140 post
2021 3056 2064 3120 f.
2119 3054 2246 3120 197
2293 3058 2362 3119 in
2409 3054 2652 3122 Veneto
2699 3066 2756 3121 A
2806 3056 3026 3142 depre-

632 3162 974 3229 hendimus
991 3210 1009 3239 ,
1060 3160 1359 3226 exhibeat
1406 3166 1473 3225 et
1518 3164 1744 3227 ceteris
1783 3161 2108 3227 codicibus
2147 3162 2456 3228 secundae
2493 3160 2714 3228 classis
2731 3212 2750 3247 ,
2785 3162 3026 3248 Xiphi-

560 3346 567 3353 ,
634 3268 755 3333 lini
800 3287 917 3353 ope
966 3266 1271 3352 expletis,
1322 3266 1559 3331 similis
1606 3273 1721 3333 est.
1793 3267 1882 3333 At
1927 3268 1998 3352 ἐξ
2060 3267 2133 3352 1,
2182 3267 2260 3353 2,
2312 3265 2382 3332 3ΙΕι
2441 3267 2590 3335 libri
2640 3266 2764 3347 56,
2816 3270 2940 3354 11,
2987 3290 3028 3337 a

636 3374 913 3441 Medicei
952 3385 995 3437 Β
1038 3373 1301 3439 librario
1336 3375 1405 3437 in
1427 3375 1705 3443 [textum
1749 3394 1874 3441 non
1921 3378 2212 3459 receptae
2247 3374 2354 3460 (cf.
2404 3395 2470 3460 p.
2507 3372 2691 3462 340),
2732 3396 2846 3442 suo
2885 3375 3026 3442 loco

636 3484 705 3547 in
767 3478 1109 3545 Vesontino
1170 3478 1495 3566 leguntur.
1582 3478 1980 3563 Crediderim
2028 3482 2284 3565 itaque,
2327 3484 2440 3565 qui
2485 3468 2766 3549 codicem
2815 3480 3024 3549 Vene-

637 3593 779 3652 tum
827 3598 877 3652 A
932 3586 1201 3651 describi
1246 3584 1571 3663 iussisset,
1617 3606 1766 3651 cum
1813 3592 1958 3671 post
2001 3588 2046 3651 f.
2106 3584 2235 3652 197
2283 3587 2352 3651 in
2395 3606 2470 3653 eo
2515 3589 2734 3651 omnia
2775 3592 3024 3672 pertur-

634 3694 785 3761 bata
846 3712 979 3761 esse
1029 3690 1581 3757 animadvertisset
1599 3740 1619 3775 ,
1667 3712 1818 3756 eum
1865 3691 2203 3757 librarium
2246 3690 2519 3759 ulterius
2565 3693 2862 3780 progredi
2905 3714 3020 3761 ve-

632 3802 833 3866 tuisse
849 3847 866 3878 ,
907 3806 973 3864 et
1010 3798 1156 3863 inde
1190 3796 1495 3882 explicari
1528 3802 1750 3888 notam
1788 3798 1854 3861 in
1893 3799 2028 3863 imo
2057 3795 2211 3863 folio
2242 3794 2369 3861 197
2394 3819 2431 3863 a
2453 3818 2558 3863 me
2581 3798 3019 3865 observatam:

628 3905 817 3987 μέχρι
866 3904 1017 3969 τᾶδε
1066 3902 1283 3985 γράφε
1330 3903 1409 3968 cf.
1456 3924 1520 3988 p.
1572 3901 1724 3970 335.
1797 3903 1936 3969 Hos
1983 3924 2132 3970 vero
2179 3902 2377 3970 libros
2423 3908 2774 4001 postremos
2819 3906 3018 3969 item-

702 4224 756 4288 1)
808 4223 957 4287 quue
1006 4221 1109 4271 aine
1158 4220 1261 4272 ulla
1309 4221 1505 4271 lacunae
1554 4222 1836 4289 suspicione.
1889 4223 1942 4273 1..
1983 4224 2066 4283 52,
2109 4227 2166 4284 5,
2201 4226 2236 4275 2
2285 4228 2342 4275 ut
2373 4225 2464 4277 hoo
2499 4228 2634 4286 utar,
2667 4241 2848 4279 novun
2881 4225 3018 4279 nobis

631 4306 829 4357 verbum
869 4310 919 4354 et
962 4304 1233 4354 inauditum
1264 4304 1487 4369 procudit
1521 4302 1629 4353 καθ’
1664 4301 1821 4365 §aare
1834 4342 1849 4364 ‚
1887 4306 2150 4355 coniunctis
2183 4307 2363 4357 scilieet
2395 4306 2578 4359 litteris
2607 4306 2716 4359 καθ’
2749 4324 2776 4357 s
2806 4322 2928 4373 quae
2961 4308 3015 4359 in

632 4388 807 4438 ultimo
840 4386 1166 4451 quaternionis
1200 4386 1271 4447 ιβ’
1306 4385 1425 4435 folio
1458 4386 1519 4435 de
1548 4384 1790 4435 vocabulis
1823 4385 1932 4437 καθ’
1969 4384 2183 4447 faur-063
2217 4392 2498 4454 super-rm
2533 4404 2646 4441 cum
2676 4389 2810 4441 verbi
2841 4387 3014 4452 Φμνῆ-

631 4486 760 4531 ματ-ι
792 4472 929 4535 pute
962 4468 1250 4535 posteriore,
1284 4482 1405 4531 quos
1438 4467 1634 4519 inchoat
1664 4470 1799 4533 quat.
1833 4464 1916 4519 ιδ’.
