3436 5161
1443 369 1684 456 mono..
2623 351 2754 420 301

372 551 604 598 manus
649 549 691 596 Β
735 532 1003 599 addidit.
1073 532 1296 599 Prima
1342 536 1549 622 igitur
1594 555 1822 601 manus
1869 536 2126 602 videtur
2170 539 2238 601 in
2285 535 2450 601 libro
2491 535 2764 601 secundo

368 643 435 702 et
495 637 825 724 deinceps,
892 642 1109 706 minus
1154 639 1499 727 diligenter
1544 642 1966 728 archetypum
2015 649 2232 708 secuta
2255 689 2272 720 ,
2325 663 2508 708 suam
2553 642 2765 708 ortho-

369 744 709 830 graphiam
758 745 1193 822 substituisse,
1247 767 1439 830 quam
1494 750 1730 832 passim
1781 750 1876 812 ibi
1921 769 2172 834 quoque
2220 751 2494 814 correxit
2527 747 2760 824 altera,

370 848 587 914 addita
648 868 689 915 n
754 849 855 932 (II.
930 849 1047 930 18,
1120 851 1245 936 29,
1306 850 1422 917 ΙΙΙ.
1496 852 1617 931 18,
1680 853 1818 937 27).
1894 854 2048 920 Post
2111 873 2164 920 u
2207 861 2272 920 et
2315 871 2352 921 s
2401 856 2764 941 (factumst,

360 955 639 1040 factust,
704 959 949 1038 simm.)
1014 974 1091 1022 s‘r
1154 979 1280 1024 non
1336 960 1573 1024 inveni.
1644 961 1779 1026 Nec
1825 977 1928 1026 sl‘r
1975 941 2092 1026 sic·
2115 962 2550 1026 imminuitur.
2619 958 2764 1026 Non

372 1059 799 1148 similitudine
844 1063 1365 1148 compendiorum
1406 1065 1515 1130 sed
1554 1069 1938 1132 correctione
1975 1066 2154 1132 locus
2193 1073 2560 1151 corruptus,
2599 1065 2760 1130 indi-

363 1167 580 1231 cativo
624 1174 713 1230 est
758 1189 1085 1252 perperam
1136 1171 1615 1237 accommodato
1663 1175 1954 1256 proximo
2005 1175 2408 1238 coniunctivo
2429 1219 2445 1250 ‚
2493 1177 2568 1237 ut
2607 1173 2762 1238 satis

368 1280 648 1350 constat;
697 1274 805 1339 sed
856 1275 1079 1340 dubito
1127 1296 1205 1340 an
1256 1274 1599 1364 legendum
1653 1281 1740 1343 sit
1791 1285 2142 1363 praeterea:
2196 1289 2256 1342 et
2300 1301 2412 1364 quo
2457 1300 2518 1342 η.
2531 1301 2604 1360 p.
2629 1299 2678 1342 e.
2695 1300 2761 1360 p.

368 1375 609 1442 Eadem
651 1379 779 1444 fere
824 1382 1103 1463 ratione,
1164 1383 1371 1466 „quod
1420 1385 1746 1468 proprium
1797 1392 1882 1448 eet
1926 1391 1993 1448 et
2040 1405 2166 1469 quo
2210 1384 2375 1450 nihil
2408 1384 2606 1467 possit
2629 1403 2763 1448 esse

368 1482 787 1568 praeclarius”
834 1489 1229 1574 iunguntur,
1283 1509 1407 1573 quo
1456 1497 1595 1573 post
1634 1490 2022 1556 adiectivum
2065 1491 2520 1555 attributivum
2562 1509 2760 1554 mem-

369 1588 553 1652 brum
620 1589 963 1656 relativum
984 1639 1001 1670 ‚
1065 1593 1329 1659 alterius
1393 1596 1687 1660 attributi
1737 1595 1950 1662 locum
2003 1595 2262 1680 explens
2283 1641 2300 1672 ‚
2351 1598 2416 1660 in
2467 1595 2761 1660 coniunc-

368 1695 505 1759 tivo
552 1698 829 1780 ponitur.
902 1697 995 1764 Eo
1036 1717 1185 1784 pars
1230 1699 1511 1765 locorum
1562 1701 1886 1766 referenda
1923 1700 2179 1766 videtur
2219 1701 2286 1766 in
2311 1700 2545 1786 quibus
2571 1719 2759 1786 prop-

370 1805 467 1866 ter
528 1802 739 1866 nescio
805 1823 999 1888 quam
1052 1807 1187 1870 vim
1256 1807 1457 1880 ἠθικὴν
1522 1809 2004 1872 coniunctivum
2069 1809 2350 1892 positum
2397 1804 2760 1870 Ellendtius

371 1906 693 1971 statuebat
738 1908 817 1973 ad
866 1907 999 1976 Cic.
1048 1910 1127 1976 de
1173 1909 1277 1975 Or.
1332 1911 1381 1976 1.
1434 1909 1497 1976 3.
1565 1911 1806 1978 Melius
1851 1919 1917 1978 et
1963 1911 2214 1998 plenius
2257 1933 2424 1977 nunc
2483 1911 2754 1976 Kuhne-

366 2032 479 2078 rus
538 2015 605 2076 in
670 2019 933 2102 egregia
992 2036 1108 2083 sua
1168 2021 1593 2106 grammatica
1652 2021 1689 2104 ᾖ
1753 2017 1898 2083 194.
1960 2018 2024 2086 7.
2093 2017 2440 2087 Brevitatis
2485 2017 2758 2083 studiosi

368 2119 687 2202 possimus
752 2125 1231 2190 coniunctivum
1296 2123 1465 2190 hunc
1526 2126 1948 2209 qualitativam
2003 2124 2210 2190 dicere
2227 2172 2243 2202 ,
2309 2129 2384 2189 ut
2451 2123 2562 2210 qui
2631 2143 2756 2189 non

372 2221 632 2290 definiat
678 2232 743 2291 et
789 2227 868 2292 ab
914 2225 1061 2294 aliis
1097 2229 1455 2318 distinguat
1475 2277 1491 2309 ,
1530 2231 1641 2296 sed
1679 2231 2056 2316 qualitatem
2102 2237 2406 2315 tanquam
2443 2229 2753 2296 indicium

369 2330 450 2396 ad
497 2332 981 2399 describendum
1032 2341 1097 2402 et
1142 2336 1493 2402 notandum
1544 2357 1845 2421 personae
1889 2335 2324 2402 inhaerentem
2373 2335 2610 2402 aflerat.
2673 2334 2756 2400 Et

368 2436 659 2502 addit-nm
721 2445 818 2504 est
886 2437 1019 2506 Cic.
1084 2439 1189 2506 Or.
1240 2439 1289 2505 Ι.
1338 2441 1463 2507 25:
1516 2442 1988 2520 „adolescentes
2033 2439 2230 2506 Drusi
2279 2477 2360 2490 --
2411 2440 2753 2506 familiares

366 2549 431 2609 et
469 2545 537 2609 in
584 2545 817 2629 quibus
862 2567 1165 2634 magnam
1216 2553 1369 2613 tunc
1415 2567 1592 2634 spem
1642 2548 1916 2614 maiores
1961 2552 2116 2613 natu
2169 2584 2250 2597 -—
2302 2544 2748 2613 collocarent”.

365 2648 465 2715 Ib.
529 2649 611 2715 II.
684 2650 771 2715 58
836 2652 1282 2741 „(Xenophon)
1347 2654 1583 2721 leniore
1642 2654 1921 2740 quodam
1981 2672 2132 2719 sono
2189 2660 2284 2719 est
2333 2673 2486 2719 usus
2531 2658 2596 2719 et
2642 2654 2754 2737 qui

364 2754 555 2821 illum
597 2758 915 2841 impetum
957 2761 1223 2826 oratoris
1260 2780 1384 2827 non
1423 2760 1695 2827 habeat’'
1739 2767 1805 2826 et
1827 2758 2091 2845 reliquie
2113 2758 2272 2825 locis
2295 2759 2463 2845 apud
2489 2757 2750 2824 Kuhne-

365 2880 532 2927 rum.
605 2860 892 2929 Omissae
952 2870 1019 2931 et
1081 2867 1333 2933 additae
1395 2868 1859 2933 coniunctionis
1917 2865 2286 2952 exemplum
2335 2865 2532 2931 habet
2573 2864 2754 2931 loeus

363 2965 547 3033 Brut.
614 2966 735 3035 35:
804 2968 1013 3047 „Tum
1078 2972 1201 3037 fuit
1262 2972 1493 3059 Lysiae
1557 2974 1691 3058 ipse
1757 3010 1840 3021 -
1899 2971 2156 3037 subtilis
2225 2969 2494 3055 scriptor
2562 2976 2752 3056 atque

364 3072 622 3161 elegans
636 3121 655 3153 ,
706 3098 871 3161 qum
918 3079 1049 3143 iam
1097 3098 1289 3163 prope
1336 3080 1567 3145 audeas
1605 3086 1894 3143 oratorem
1918 3079 2252 3164 perfectum
2291 3075 2534 3142 dicere”
2555 3076 2754 3163 (hunc

364 3180 579 3266 ipsum
644 3182 996 3266 perfectum
1062 3185 1403 3269 quaerebat
1467 3182 1688 3251 Cicero
1704 3234 1722 3267 ,
1771 3184 2138 3249 membrum
2185 3180 2530 3247 relativum
2579 3202 2754 3249 sum-

365 3305 543 3352 mam
589 3289 715 3364 rei,
768 3309 893 3354 non
942 3288 1453 3357 additamentum
1494 3291 1940 3357 secundarium
1981 3290 2290 3375 continet)
2336 3309 2524 3372 „nam
2566 3287 2755 3373 plane

366 3392 629 3478 quidem
690 3394 1043 3478 perfectum
1100 3402 1158 3459 et
1216 3400 1315 3459 em·
1375 3395 1541 3462 nihil
1604 3396 1951 3462 admodum
2023 3394 2187 3461 desit
2255 3393 2750 3461 Demosthenem

364 3498 555 3565 facile
616 3497 905 3565 dixeris”.
996 3500 1079 3565 Ec
1140 3503 1206 3565 in
1272 3503 1353 3567 iis
1402 3504 1494 3567 sie
1550 3500 1808 3567 additur
1851 3506 1925 3566 ut
1974 3498 2228 3568 Cluent.
2283 3497 2366 3565 ‘76
2421 3500 2754 3575 „homines

366 3606 683 3689 sapientes
737 3610 802 3670 et
848 3627 925 3671 ex
974 3610 1186 3671 vetere
1232 3605 1348 3672 illa
1394 3605 1731 3692 disciplina
1776 3604 2224 3671 iudiciorum”.
2301 3605 2384 3671 Et
2429 3606 2754 3669 omittitur

363 3708 550 3776 Verr-
599 3710 721 3776 IV.
770 3710 855 3776 39
908 3711 1143 3789 „homo
1190 3712 1366 3800 frugi
1412 3734 1485 3779 ac
1530 3712 1842 3801 diligens,
1893 3714 2006 3799 qui
2051 3732 2168 3777 sua
2213 3730 2464 3780 servare
2502 3709 2752 3777 vellet'’.

364 3814 551 3881 Rosc.
600 3818 748 3884 Am.
796 3815 883 3883 26
934 3818 1269 3896 „homines
1314 3821 1603 3905 antiqui,
1651 3821 1764 3903 qui
1812 3839 1890 3884 ex
1939 3838 2056 3883 sua
2099 3823 2326 3883 natura
2365 3822 2604 3883 ceteros
2641 3814 2752 3883 fin·

363 3922 655 4011 gerent”.
727 3920 977 3989 Gaecin.
1049 3922 1131 3989 18
1200 3925 1433 4008 „homo
1492 3925 1762 3990 timidus
1819 3926 2282 4009 imperitasque
2303 3968 2320 4002 ‚
2385 3923 2496 4008 qui
2549 3942 2752 4008 neque

364 4031 567 4093 animi
612 4049 815 4114 neque
856 4030 1102 4095 consilii
1142 4032 1301 4095 satis
1342 4030 1655 4096 haber-eff.
1704 4028 1958 4098 Cluent.
2001 4028 2086 4097 77
2127 4030 2360 4107 „homo
2391 4028 2718 4115 popularis
2732 4076 2754 4109 ‚

364 4136 477 4220 qui
524 4154 743 4200 omnes
790 4154 1121 4201 rumorum
1171 4142 1237 4201 et
1282 4138 1649 4202 contionum
1700 4142 1924 4202 ventos
1971 4133 2274 4222 colligere
2321 4134 2744 4201 consuesset’'.

362 4238 491 4307 Sed
553 4230 742 4308 causa
802 4244 867 4306 in
938 4248 1239 4329 promptu
1298 4250 1397 4309 est
1454 4264 1569 4309 cur
1612 4243 1715 4309 his
1761 4242 1920 4309 locis
1963 4242 2294 4309 ἀσύνδετον
2345 4244 2452 4309 sit.
2521 4242 2756 4311 Noster

363 4366 489 4413 usn
552 4349 944 4414 coniunctivi
1010 4350 1080 4413 in
1150 4348 1349 4416 altero
1418 4349 1711 4415 membro
1781 4352 2078 4418 convenit
2145 4369 2294 4415 cum
2363 4348 2504 4415 loco
2563 4348 2752 4417 Bruti

362 4452 623 4521 laudato
706 4454 895 4541 (post.
962 4455 1188 4540 parte).
1286 4453 1669 4536 Qualitativi
1740 4452 1870 4521 alia
1936 4454 2230 4541 exempla
2297 4454 2518 4523 afferre
2583 4454 2752 4523 nihil
