3436 5161
635 318 764 386 184
1581 338 1666 386 An
1715 338 2063 387 menum.

719 502 770 567 Ι.
823 500 882 566 6.
937 501 976 567 3
1025 507 1242 568 contra
1287 506 1458 569 recto
1503 522 1690 570 sensu
1742 502 1973 568 ductus
2018 503 2191 568 idem
2252 503 2448 590 „quid
2495 482 2660 569 mihi
2720 508 2935 571 tecum
2952 502 3033 570 2⁹⁹

633 608 830 693 „quid
891 608 1040 679 tibi,
1076 610 1169 673 rei
1232 630 1487 674 mecum
1507 606 1565 673 ?”
1633 609 1827 694 „quid
1893 610 2013 675 tibi
2076 631 2332 675 mecum
2408 613 2778 677 commercii
2849 616 2947 677 est
2962 608 3033 676 ?''

631 713 950 799 defendit,
1014 715 1335 799 improbat
1402 716 1595 802 „quid
1652 718 1956 782 saevitiae
2005 716 2127 782 tibi
2175 736 2430 782 mecum
2481 723 2577 781 est
2592 714 2654 780 ‘P’
2709 716 2853 781 Hoc
2898 737 3029 782 non

531 852 536 857 ·
632 826 728 886 est
771 819 1046 887 latinum
1095 841 1208 907 pro
1257 844 1411 900 „cur
1459 842 1685 889 saevus
1732 844 1798 889 es
1842 826 1910 888 in
1957 844 2064 888 me
2078 820 2150 888 ‘P'
2193 824 2458 887 Saevitia
2497 827 2592 889 est
2617 822 2861 889 affectio
2885 824 3026 888 eius

636 930 745 1013 qui
791 929 1030 993 iniuria
1072 938 1390 1013 praestare
1436 950 1502 994 se
1551 929 1814 1016 reliquis
1862 935 1927 995 et
1974 932 2042 995 in
2089 950 2194 996 eos
2242 930 2449 995 multa
2495 930 2620 995 sibi
2664 927 2855 995 licere
2894 932 3029 1015 opi-

635 1040 857 1111 natur,
917 1033 1532 1102 Franco-Gallorum
1598 1035 1800 1115 rierte‘,
1850 1043 1923 1103 ut
1972 1042 2232 1123 apparet
2278 1058 2355 1103 ex
2403 1036 2848 1122 sequentibus:
2902 1057 3027 1114 „an

633 1139 841 1229 gloria
884 1161 1122 1228 magna
1167 1141 1319 1220 est’'‚
1369 1142 1508 1207 rell.
1554 1142 1738 1208 Itali:
1797 1143 1994 1229 „quid
2041 1143 2163 1208 tibi
2210 1163 2395 1209 saeve
2441 1164 2599 1230 puer
2637 1140 3030 1210 mecumst?”

635 1246 925 1312 Fortasse
971 1268 1096 1313 non
1143 1250 1430 1313 saevitiae
1466 1248 1575 1314 sed
1613 1272 1831 1313 mecum
1872 1256 2241 1335 corruptum
2270 1272 2285 1315 τ
2333 1250 2527 1335 „quid
2564 1250 2685 1314 tibi
2724 1250 3033 1315 saevitiae

635 1373 793 1438 puer
854 1360 952 1419 est
966 1351 1028 1419 ?'’
1089 1358 1134 1421 i.
1199 1377 1252 1421 e.
1316 1376 1477 1441 quae
1540 1361 1653 1421 tua
1711 1358 1982 1422 saevitia
2046 1352 2178 1422 est?
2243 1394 2324 1405 —
2376 1356 2455 1422 V.
2506 1355 2592 1422 35
2642 1360 2708 1423 et
2756 1354 2843 1420 36
2889 1356 3030 1422 loco

637 1458 828 1525 alieni
874 1465 1042 1525 sunt.
1615 1457 1620 1463 ’

731 1679 786 1745 Ι.
836 1678 895 1745 8.
950 1679 1056 1745 61.
1108 1680 1275 1763 Quid
1323 1686 1587 1768 prosunt
1633 1687 1801 1748 artes
1849 1685 1904 1747 si
1950 1683 2189 1768 spernit
2234 1720 2315 1730 —
2344 1682 2447 1749 vel
2474 1702 2622 1748 cum
2670 1682 2990 1768 promittit
3008 1728 3039 1759 ,

642 1788 752 1854 sed
800 1787 971 1853 fallit
1014 1794 1151 1867 „est
1189 1790 1353 1856 mihi
1393 1811 1516 1855 nox
1556 1788 1785 1855 multis
1836 1789 2201 1878 evigilanda
2248 1788 2491 1855 malis”.
2563 1788 2839 1854 Horrida
2882 1807 3031 1854 con·
3066 1850 3073 1853 ,

642 1898 930 1962 structio.
1001 1896 1175 1962 Num
1230 1904 1328 1975 „et
1373 1896 1542 1960 mihi
1590 1916 1713 1961 nox
1761 1896 1989 1961 multis
2036 1904 2122 1961 est
2167 1894 2498 1984 vigilanda
2544 1891 2803 1961 malis”?

749 2128 831 2196 11.
884 2128 945 2196 5.
998 2128 1081 2193 15
1129 2128 1220 2195 Te
1267 2130 1425 2195 duce
1473 2128 1791 2196 Romanos
1839 2149 2195 2217 numquam
2241 2130 2545 2197 fi'ustrata
2588 2126 2875 2215 Sibylla,

1235 2236 1452 2304 abdita
1499 2256 1658 2321 quae
1706 2238 1875 2301 senis
1921 2236 2054 2302 fata
2096 2238 2265 2301 canit
2312 2235 2599 2321 pedibus.

645 2343 778 2409 Vix
799 2394 817 2429 ‚
879 2346 1100 2431 opinor
1117 2394 1135 2429 ‚
1201 2348 1346 2409 ante
1407 2342 1747 2409 relativam
1794 2344 2174 2409 sententiam
2222 2350 2309 2407 est
2356 2344 2718 2427 omittitur3
2765 2337 2893 2427 leg.
2940 2340 3039 2404 Si-

645 2448 880 2537 byllaet.

738 2669 833 2736 Ib.
901 2669 1002 2736 79.
1077 2670 1414 2736 Rationem
1487 2690 1613 2736 non
1683 2669 1876 2736 habet
1945 2668 2445 2756 plusquamperf.
2518 2667 2716 2746 „haec
2772 2666 3041 2752 fuerant

649 2775 888 2864 olim”;
938 2779 1336 2844 concessivae
1385 2782 1601 2842 contra
1636 2777 1885 2864 suerint
1930 2774 2008 2842 de
2048 2774 2529 2841 incredibilibus
2563 2772 2697 2838 illis
2739 2774 3043 2837 monstris

651 2891 838 2970 aptus
887 2891 1002 2950 est.
1065 2883 1213 2950 Non
1261 2904 1557 2969 assequor
1593 2904 1703 2986 cur
1750 2882 1868 2949 hac
1916 2885 2225 2950 sententia
2272 2880 2591 2948 soloecum
2634 2885 2752 2946 erit
2791 2897 2905 2964 pro
2942 2885 3043 2942 eat

650 3011 871 3058 rursus
909 2993 1286 3057 restitutum
1333 2992 1435 3056 sit.

742 3193 828 3259 ῙῙ.
894 3192 955 3257 4.
1022 3192 1084 3257 2.
1150 3190 1465 3280 Scaliger:
1511 3188 1731 3278 „quae
1776 3192 1922 3256 tulit
1967 3191 2261 3256 hesterna.
2334 3187 2552 3276 Longe
2600 3185 2833 3252 melius
2878 3184 3043 3251 liber

651 3307 894 3368 noster:
948 3321 1096 3384 quae
1145 3299 1287 3362 tulit
1336 3296 1627 3362 extr-emd’
1667 3303 1731 3363 et
1772 3299 1863 3362 sic
1905 3318 1971 3362 re
2003 3317 2153 3362 vera
2178 3296 2557 3377 adscribitur
2579 3299 2646 3360 in
2672 3295 2810 3358 eius
2834 3313 3048 3357 exem-

655 3407 858 3494 plari:
925 3424 1011 3485 „v
1071 3405 1409 3472 extrema”.
1475 3404 1591 3470 Est
1651 3407 1708 3470 is
1769 3403 1933 3470 liber
1995 3422 2039 3470 v
2086 3424 2211 3469 non
2260 3405 2748 3488 antiquissimus
2796 3399 3051 3467 Ouiacii

659 3515 767 3580 sed
829 3519 1047 3579 tamen
1109 3511 1394 3599 Scaliger
1449 3533 1521 3578 eo
1584 3510 1961 3590 „meliorem
2021 3515 2265 3575 exstare
2328 3529 2452 3574 non
2507 3507 2816 3594 putabat”
2865 3505 2955 3591 (V
2958 3505 3047 3570 id.

663 3619 952 3708 Castigg.
1014 3640 1076 3704 p.
1142 3617 1329 3702 125),
1377 3619 1686 3682 nimirum
1736 3622 1983 3702 praeter
2028 3615 2461 3704 fragmentum
2511 3612 2756 3680 Cuiacii
2804 3611 2929 3677 III.
2984 3611 3047 3674 4.

663 3724 750 3791 65
798 3734 863 3792 et
907 3745 1111 3812 porro.
1183 3723 1416 3790 Allatis
1454 3722 1833 3810 quibusdam
1874 3720 2030 3787 locis
2048 3768 2065 3799 ,
2106 3729 2176 3786 ut
2217 3726 2515 3807 appareat
2555 3724 2780 3805 quarta
2818 3714 3053 3805 vigilia

663 3832 878 3900 oblata
940 3835 1186 3899 somnia
1244 3833 1490 3898 veriora
1551 3850 1727 3914 esse,
1773 3834 2073 3913 provocat
2120 3826 2200 3892 ad
2247 3849 2308 3894 v.
2360 3825 2443 3892 21
2467 3875 2485 3908 ‚
2532 3846 2619 3911 sq.
2672 3829 2749 3889 ut
2794 3829 3053 3888 extrema

664 3939 979 4005 defendat.
1050 3937 1194 4003 Iure
1249 3939 1502 4022 opinor,
1570 3956 1685 4000 nec
1746 3934 1929 4000 credo
1974 3935 2249 3999 hesterna
2294 3940 2461 3997 nocte
2505 3931 2582 3997 de
2631 3934 2951 4016 postrema
3000 3949 3047 3992 s.

667 4047 958 4133 proxima
1007 4045 1134 4111 dici
1182 4064 1378 4130 posse.
1990 4035 1995 4040 ”

760 4247 879 4314 IV.
925 4249 980 4313 1.
1027 4223 1134 4313 44'.
1175 4247 1404 4326 Libra,
1443 4249 1500 4313 si
1537 4246 1917 4313 altera-utra
1955 4244 2105 4309 lanx
2142 4244 2400 4331 gravior
2440 4246 2572 4319 est,
2623 4239 2686 4304 h.
2730 4237 2776 4306 1.
2820 4237 3057 4303 dicitur

669 4362 910 4433 natam
962 4356 1214 4438 saepius
1260 4355 1540 4437 animus,
1598 4351 1803 4430 oculi,
1852 4351 2139 4416 homines
2189 4359 2401 4414 natare
2440 4350 2772 4424 dicuntur,
2813 4344 2891 4408 de
2930 4359 3057 4427 quo

674 4461 752 4526 cf.
819 4451 1147 4526 Heindorf.
1212 4460 1290 4524 ad
1353 4457 1511 4524 Hor.
1561 4458 1693 4523 Sat.
1744 4455 1825 4522 H.
1879 4455 1940 4524 ’7.
1991 4455 2068 4539 6,
2116 4454 2224 4521 sed
2274 4454 2351 4520 de
2402 4453 2639 4519 bilance
2686 4451 2896 4515 nescio
2944 4467 3059 4513 cur
