3436 5161
653 360 784 430 178
1605 381 1692 432 u>
1738 379 2089 433 nemun.

643 568 788 615 vox.
859 547 1228 633 Sequuntur
1285 547 1584 633 exempla
1646 548 1961 632 quaedam
2022 547 2103 613 ad
2156 546 2536 612 illustranda
2582 546 2777 612 verba
2812 547 3049 632 femori

641 655 1002 718 conseruisse
1050 655 1260 740 femur
1275 681 1295 718 .-
1361 652 1488 732 „Et
1547 659 1763 719 cubare
1824 653 1909 718 ad
1968 654 2130 718 lacae
2188 651 2461 718 Ovidius
2506 651 2768 718 Hel-oid.
2818 651 2899 718 II.
2948 650 3045 718 58

645 759 846 838 „dicit
906 759 1116 824 lateri·
1145 764 1506 824 munemne
1551 760 1714 823 lacae
1736 805 1753 837 ,
1802 778 2191 843 quamquam
2238 758 2333 824 ibi
2380 758 2458 823 de
2502 757 2669 824 lecto
2714 756 3043 844 coniugali

645 885 914 943 „sermo
986 863 1228 932 Tamen
1273 867 1470 931 etiam
1517 863 1655 930 illic
1701 865 1881 931 abest
1928 865 2303 932 concubitus
2346 862 2753 952 significatio.
2824 865 3041 948 Atque

643 971 840 1049 „haec
881 971 1242 1038 hactenus”.
1313 969 1555 1057 Opinor
1601 971 1755 1036 haec
1802 974 1959 1038 satis
2000 991 2333 1056 superque.
2384 969 2469 1036 Et
2508 977 2727 1036 tamen
2761 969 2838 1035 D.
2866 973 3041 1034 recte

639 1078 954 1144 sentiebat
988 1077 1452 1144 cohaerentiam
1503 1081 1787 1162 partium
1835 1097 1969 1142 esse
2015 1077 2476 1162 quaerendam3
2522 1095 2675 1142 nam
2698 1078 3037 1142 cuiuscun-

639 1203 762 1267 que
798 1183 1005 1268 operis
1044 1188 1499 1270 argumentum
1543 1203 1678 1248 esse
1720 1182 1945 1249 debere
1988 1181 2304 1267 „simplex
2336 1181 2646 1250 duntaxat
2670 1187 2735 1245 et
2761 1181 3033 1246 unum'’.

639 1286 900 1354 Scilicet
945 1287 1236 1354 Dissenio
1275 1289 1486 1354 iudice
1529 1290 1660 1353 iam
1705 1289 1785 1354 ab
1826 1289 2013 1354 initio
2034 1286 2411 1353 Marathum
2434 1285 2787 1372 alloquitur
2807 1293 2993 1371 poeta
3008 1335 3033 1370 ‚

637 1413 908 1480 puerum
929 1439 948 1470 ,
1029 1395 1142 1479 qui
1203 1413 1487 1460 amorem
1556 1393 1829 1461 Pholoes
1902 1391 2045 1478 (69)
2116 1391 2656 1477 dissimulaverit3
2728 1393 3033 1478 puduisse

639 1519 788 1566 eum
833 1519 1118 1567 amorem
1165 1519 1380 1566 eoram
1427 1498 1688 1566 Tibullo
1736 1500 1961 1582 fateri,
2010 1501 2305 1584 quoniam
2358 1497 2693 1565 Tibullum
2739 1499 2875 1583 ipse
2912 1519 3030 1564 cu-

638 1606 864 1691 pidum
909 1608 1011 1672 sui
1059 1604 1214 1672 olim
1259 1611 1634 1692 aspernatus
1667 1613 1833 1672 esset
1847 1625 1865 1683 ;
1907 1605 2055 1672 inde
2094 1608 2407 1672 nimirum
2432 1605 2786 1672 irrisionem
2810 1612 3029 1672 natam

637 1732 807 1777 esse:
873 1711 1072 1796 „quid
1135 1712 1258 1776 tibi
1315 1733 1483 1778 nunc
1547 1711 1803 1797 prodest
1862 1711 2132 1778 coluisse
2176 1709 2526 1797 capillos?'’
2594 1712 2769 1800 Ergo
2815 1712 3027 1778 Mara-

635 1818 788 1882 thus
847 1817 1006 1882 olim
1069 1823 1440 1902 aspernatus
1497 1838 1669 1883 nunc
1726 1820 2044 1902 spernitur
2105 1823 2170 1884 et
2230 1817 2553 1884 irridetur.
2622 1815 2730 1882 Sic
2778 1819 3027 1884 divinat

633 1920 990 1988 Disaenius.
1059 1920 1301 1988 Tamen
1347 1921 1645 1990 Tibullus
1689 1923 1863 1988 idem
1912 1925 2067 1990 satis
2114 1943 2455 2012 generosus
2498 1929 2595 1988 est
2612 1971 2628 2002 ,
2676 1943 2827 1990 nam
2874 1944 3023 1990 cum

636 2027 973 2094 Marathus
1017 2028 1170 2101 πάις
1219 2025 1292 2102 ὣς
1344 2029 1506 2094 πεδὰ.
1552 2027 1803 2108 ματέρα
1848 2031 1915 2094 in
1964 2033 2102 2096 eius
2146 2031 2361 2096 sinum
2412 2030 2837 2118 confugisset,
2878 2051 3025 2097 oon-

637 2131 815 2200 ciliat
861 2133 922 2199 ei
968 2133 1124 2200 olim
1175 2140 1424 2220 spretus
1469 2141 1716 2202 amator
1762 2156 1889 2201 non
1934 2156 2032 2221 se,
2080 2137 2189 2202 sed
2236 2135 2517 2202 Pholoen
2536 2181 2555 2214 ,
2604 2133 2713 2214 67,
2758 2157 2929 2222 sqq.:

999 2239 1263 2306 desistas
1311 2240 1646 2307 lacrimare
1688 2261 1884 2329 puer:
1917 2288 2112 2306 .....

1089 2345 1391 2425 oderunt,
1438 2346 1679 2414 Pholoe
1697 2393 1713 2426 ,
1765 2367 1993 2414 moneo
2038 2347 2299 2414 fastidia
2342 2348 2497 2414 divi.

633 2455 856 2539 Apage
902 2453 1175 2537 ineptias
1221 2453 1410 2520 audio
1454 2452 1737 2538 aliquem
1786 2453 2267 2520 exclamantem.
2319 2451 2445 2520 Sed
2477 2473 2601 2520 non
2638 2454 2792 2519 haec
2814 2454 3021 2520 excito

631 2564 707 2625 ut
751 2559 1052 2625 irrideam
1071 2608 1090 2645 ,
1139 2564 1396 2626 tantum
1443 2565 1518 2627 ut
1563 2560 1892 2627 ostendam
1913 2609 1931 2645 ,
1980 2580 2102 2646 quo
2146 2561 2643 2646 perveniendum
2690 2562 2777 2626 sit
2806 2562 2862 2627 si
2902 2561 3020 2627 hoc

628 2686 883 2731 carmen
922 2668 1248 2753 integrum
1299 2688 1432 2733 esse
1476 2668 1829 2733 existimes.
1899 2665 1991 2732 Ut
2034 2668 2313 2753 partium
2366 2668 2837 2733 cohaerentiam
2888 2666 3019 2733 effi-

629 2780 798 2838 ceret
857 2774 1182 2857 iustaeque
1232 2778 1298 2839 et
1349 2772 1568 2858 plenas
1623 2773 1749 2839 sibi
1790 2776 1857 2838 et
1892 2770 2237 2839 lectoribus
2276 2774 2549 2839 rationes
2586 2773 2767 2839 daret
2803 2794 3015 2839 rerum

585 2878 590 2885 '
625 2876 1089 2963 affectuumque
1108 2925 1124 2956 ‚
1188 2878 1356 2943 unde
1405 2877 1560 2945 haec
1605 2884 1831 2943 octava
1878 2877 2088 2965 elegia
2118 2882 2285 2943 ‘nata
2332 2878 2452 2961 sit,
2502 2878 2831 2944 Dissenius
2876 2880 3016 2945 vim

623 2984 774 3049 fecit
835 2984 1047 3050 verbis
1106 2990 1359 3069 poetae,
1425 2990 1488 3050 et
1547 2983 1751 3050 facere
1816 2990 2068 3049 coactus
2124 2994 2239 3051 est.
2327 2984 2471 3051 Non
2520 2986 2687 3052 vidit
2731 2984 3015 3071 puellam

621 3088 712 3175 (v.
780 3088 893 3175 13)
945 3090 1178 3176 opponi
1223 3110 1350 3155 non
1395 3110 1589 3174 puero
1609 3134 1626 3167 ‚
1673 3089 1785 3155 sed
1834 3089 2084 3174 puellae
2134 3090 2325 3156 alicui
2342 3137 2360 3168 ,
2410 3110 2603 3175 quam
2653 3090 3015 3177 alloquatur

620 3202 826 3282 poeta.
897 3192 1166 3262 Oomtus
1213 3198 1328 3281 qui
1373 3195 1756 3262 describitur
1803 3201 1899 3262 est
1952 3194 2285 3261 muliebris
2306 3242 2322 3275 ,
2368 3216 2495 3262 non
2538 3199 2756 3282 pueri:
2806 3202 3013 3263 muta·

619 3306 727 3370 tur
785 3323 969 3386 saepe
1029 3322 1248 3368 comae
1311 3303 1642 3387 dispositio
1701 3300 1849 3385 (10)
1868 3348 1885 3378 ‚
1946 3306 2281 3367 mutantur
2344 3304 2543 3373 vestis
2606 3309 2671 3369 et
2740 3304 3015 3369 amictus

618 3407 786 3495 (18).
855 3407 1052 3474 Porro
1115 3414 1419 3494 tauquam
1482 3407 1664 3474 fatali
1736 3406 1951 3491 aliquo
2026 3406 2197 3473 malo
2266 3412 2590 3493 correptus
2636 3409 3014 3474 describitur

620 3514 959 3581 Marathus
1018 3536 1083 3582 v.
1153 3511 1267 3599 17,
1325 3535 1462 3600 sqq.
1483 3564 1501 3598 ‚
1567 3534 1711 3579 cum
1770 3516 1984 3599 potius
2030 3533 2242 3598 amor,
2292 3534 2415 3599 quo
2462 3513 2800 3581 Marathus
2844 3536 3011 3581 nunc

619 3619 895 3698 arderet,
941 3626 1166 3705 poetae
1183 3666 1203 3697 ,
1252 3620 1407 3686 olim
1447 3626 1658 3706 spreto
1693 3622 1999 3698 amatori,
2046 3639 2235 3685 causa
2258 3618 2603 3687 exultantis
2624 3621 2850 3708 gaudii
2875 3640 3010 3689 esse

619 3724 896 3793 deberet.
967 3724 1242 3792 Omnino
1289 3724 1419 3792 tale
1466 3724 1811 3792 artificium
1852 3724 2019 3791 nihil
2066 3724 2331 3809 proficit.

711 3829 856 3898 Non
901 3837 1061 3917 puto
1107 3832 1416 3898 editorem
1463 3832 1631 3917 quod
1677 3833 1747 3896 in
1792 3832 1897 3897 his
1934 3830 2337 3898 similibusve
2376 3833 2725 3919 quidquam
2758 3836 2819 3900 ei
2857 3854 3003 3899 cum

620 3936 908 4005 Dissenio
955 3958 1296 4005 commune
1343 3943 1540 4016 esset,
1583 3958 1771 4003 omne
1808 3937 2122 4003 iudicium
2162 3938 2403 4003 turbati
2444 3939 2681 4005 ordinis
2718 3945 2784 4006 et
2826 3940 3001 4005 lacu·

617 4064 735 4111 nae
779 4046 1102 4122 omisisse,
1151 4043 1262 4109 sed
1307 4042 1476 4128 quod
1521 4042 1716 4128 probe
1764 4045 1991 4127 sciret,
2030 4062 2225 4127 quam
2264 4044 2579 4111 incertum
2618 4050 2787 4111 esset
2806 4065 3004 4113 reme-

621 4150 840 4228 dium;
904 4148 1249 4237 diligenter
1312 4154 1524 4216 autem
1592 4151 1659 4214 in
1722 4150 2130 4215 annotatione
2196 4151 2415 4216 critica
2476 4153 2821 4236 praemissa
2879 4171 3003 4219 non

617 4261 870 4322 tantum
937 4254 1238 4321 lectiones
1295 4255 1586 4321 codicum
1649 4260 1714 4321 et
1774 4244 2247 4321 emendationes
2313 4260 2454 4341 post
2520 4254 3001 4323 Lachmannum

617 4363 817 4429 factas
877 4364 1280 4448 consignavit
1295 4410 1309 4439 ,
1379 4362 1490 4427 sed
1549 4362 1747 4427 etiam
1797 4362 2003 4428 varios
2050 4366 2311 4427 conatus
2357 4362 2732 4428 restituendi
2776 4363 3000 4450 genui·

617 4488 774 4534 num
838 4486 1139 4533 versuum
1196 4467 1501 4533 ordinem.
1587 4465 1678 4531 Ut
1733 4472 1949 4533 tamen
2011 4487 2089 4533 ex
2148 4468 2251 4533 his
2274 4534 2286 4544 ,
2313 4468 2753 4534 conaminibus
2798 4467 2999 4557 aliqui
