3436 5161
692 374 780 443 54
1764 394 2008 445 menso.

689 560 932 638 Statue,
998 564 1256 647 opinor,
1314 568 1484 627 reete
1527 560 1973 627 tantummodo
2022 560 2258 625 dieitur
2304 559 2382 625 de
2421 560 2779 627 condicione
2818 561 3075 646 quieta3

691 686 816 731 non
879 671 1090 755 magis
1149 676 1390 734 statum
1451 668 1690 752 eripere
1752 665 2083 731 ferendum
2143 667 2433 751 videtur,
2497 686 2691 751 quam
2744 667 3079 733 ferendum

693 778 858 837 esset
911 774 1340 840 condicionem
1387 776 1646 859 eripere.
1717 771 2098 857 Metnphorn
2144 774 2301 839 satis
2346 794 2451 839 me
2496 774 2709 839 indice
2755 773 2823 839 id
2870 780 3081 839 osten-

695 879 828 957 dit,
875 880 1080 947 veluti
1127 884 1192 945 in
1244 880 1364 958 „de
1409 886 1584 945 statu
1630 880 1908 963 aliquem
1954 878 2289 957 deiicere'’‚
2336 880 2449 945 nbi
2496 886 2757 965 apparet
2799 900 2838 946 a
2874 878 3081 945 lueta-

698 989 853 1051 toris
912 986 994 1051 sd
1052 996 1374 1053 certamen
1432 988 1638 1072 parati
1682 996 1748 1050 et
1792 983 2061 1049 firmiter
2108 984 2241 1052 solo
2288 986 2638 1051 insistentis
2682 986 2908 1051 habit-u
2952 985 3079 1051 hoe

697 1099 986 1157 sumtum
1051 1114 1204 1159 esse.
1279 1092 1398 1156 Rei
1439 1092 1710 1175 publicae
1754 1093 1823 1155 in
1872 1090 2083 1156 codice
2131 1110 2386 1177 semper
2428 1091 2727 1156 scribitur
2771 1091 2921 1173 reip.
2972 1088 3075 1157 Of.

695 1196 780 1262 du
827 1196 994 1263 Rieu
1039 1199 1120 1263 ad
1161 1197 1211 1263 Ι.
1259 1198 1322 1261 4.
1393 1197 1518 1263 Pro
1563 1212 1967 1263 merum
2014 1198 2278 1261 coniicio
2330 1214 2779 1263 ramulum.

788 1408 922 1475 Sub
975 1407 1166 1474 finem
1211 1408 1364 1473 libri
1409 1410 1446 1493 g
1495 1406 1576 1473 71
1627 1409 1767 1473 iure
1812 1406 2135 1473 Vahlenus
2184 1408 2577 1475 Steinaokeri
2624 1409 2959 1474 lectionem
3011 1419 3082 1471 ιιι

697 1536 810 1601 pro
857 1523 1022 1579 tuwm
1068 1514 1377 1598 defendit,
1425 1514 1729 1599 nullaque
1774 1518 2099 1599 praeterea
2147 1517 2503 1580 mutatione
2552 1535 2709 1599 opus
2770 1535 2903 1579 esse
2954 1520 3083 1579 sta·

699 1624 846 1687 tuit.
893 1620 965 1687 Si
1005 1619 1227 1688 Oieero
1260 1620 1644 1705 scripsisset:
1691 1619 2087 1704 „(eumulate
2112 1620 2231 1686 hoe
2252 1620 2560 1705 effecero).
2588 1618 2757 1684 Tum
2782 1619 3038 1685 Laelius
3059 1666 3081 1696 ,

697 1732 772 1791 tu
830 1746 979 1793 vero
997 1776 1016 1809 ‚
1078 1728 1322 1809 inquit3
1388 1746 1460 1791 ao
1515 1736 1703 1791 tuum
1754 1726 2013 1811 quidem
2062 1723 2351 1791 eonfieies
2398 1746 2669 1810 munus3
2718 1729 2861 1811 quis
2906 1728 3080 1791 enim

701 1838 766 1895 te
811 1830 1080 1915 potius'',
1129 1830 1300 1907 rell.,
1348 1850 1535 1896 nemo
1582 1830 1904 1907 haereret3
1954 1832 2063 1896 sed
2110 1834 2325 1895 omitti
2370 1852 2548 1915 posse
2596 1830 2761 1896 illud
2810 1832 3085 1914 conficies

703 1944 814 2001 aut
863 1938 1070 2019 efficies
1117 1943 1394 2022 apparet.
1462 1935 1587 2002 Sed
1633 1936 1824 2021 Scipio
1870 1938 2183 2002 insertum
2230 1943 2373 2021 post
2418 1938 2621 2025 inquit
2640 1984 2657 2015 ‚
2704 1938 2936 2003 durum
2984 1942 3087 2003 est

704 2048 768 2108 et
816 2044 1084 2108 minime
1129 2044 1553 2109 necessarium
1583 2040 1656 2129 1).
2978 2050 2994 2063 ·

771 2267 822 2327 1)
869 2268 998 2316 Dtun
1029 2266 1248 2331 plagulas
1279 2266 1469 2332 corrigo
1485 2304 1498 2325 ‚
1533 2266 1668 2315 video
1701 2271 1909 2317 tenorem
1944 2270 1966 2329 ς
2003 2268 2066 2317 68
2100 2268 2199 2318 ism
2230 2283 2329 2317 esse
2363 2272 2643 2335 occupatum
2677 2268 2735 2319 nb
2770 2268 3051 2319 Heinfiehio
3064 2307 3081 2327 ,

711 2348 790 2397 sed
834 2348 1014 2399 iniuria
1046 2352 1276 2415 spretum.
1341 2350 1502 2399 Bonae
1536 2348 1887 2400 emendationes
1920 2349 2066 2399 etism
2099 2350 2371 2401 nolentibus
2409 2351 2545 2402 nobis
2576 2355 2745 2417 sponte
2780 2351 2833 2401 in
2866 2349 3089 2401 mimum

706 2432 976 2481 recurrunt.

2270 2559 2339 2632 Ο.
2393 2561 2489 2629 M.
2534 2562 2902 2629 Μυκη.

1712 2874 2086 2890 —

1496 3132 1579 3179 AD
1623 3132 1955 3181 monomm
1998 3133 2302 3183 emmanu.

799 3300 941 3364 Lib.
989 3296 1311 3364 XXVIII.
1367 3294 1407 3360 3
1457 3296 1632 3382 (Vol.
1678 3297 1750 3363 II
1797 3319 1861 3383 p.
1913 3295 2044 3362 474
2092 3297 2190 3362 ed.
2230 3297 2476 3382 Didot).

799 3407 1040 3483 Τοίγαρ
1088 3398 1188 3470 οὖν
1245 3401 1447 3484 ὥσπερ
1510 3405 1636 3469 ἀπὸ
1697 3409 2126 3486 παραγραφῆς
2175 3409 2292 3467 τῶν
2340 3403 2497 3468 ἰδίων
2542 3401 2819 3483 πράξεων
2866 3400 2967 3465 ἐπὶ
3018 3399 3091 3466 τὸ

707 3519 913 3592 χεῖρον
961 3511 1144 3590 ἑώρων
1183 3510 1300 3581 τὰς
1347 3509 1547 3574 αὑτῶν
1585 3510 1922 3587 βασιλείας
1965 3509 2081 3573 ὑπὸ
2125 3513 2230 3573 τοῦ
2279 3507 2586 3584 δαιμονίου
2635 3507 3091 3585 προαγομένας.

800 3616 967 3698 Quid
1007 3623 1104 3682 est
1142 3617 1266 3680 ἀπὸ
1308 3621 1737 3696 παραγραφῆς
1780 3619 1896 3680 τῶν
1934 3614 2090 3680 ἰδίων
2131 3611 2447 3696 maigeo-w?
2508 3613 2835 3680 Sententia
2868 3617 3091 3698 postu-

706 3724 799 3788 lat
860 3731 1270 3803 περιγραφῆς.
1351 3722 1666 3807 Interpres
1728 3725 1953 3787 vertit:
2000 3728 2177 3804 prout
2222 3745 2419 3786 eorum
2454 3721 2653 3808 factis
2696 3719 3089 3784 conveniebat.

706 3826 933 3896 Potius
971 3831 1310 3896 verterim:
1359 3830 1520 3894 velut
1559 3835 1816 3913 ipsorum
1836 3829 2047 3914 factis
2084 3833 2581 3894 commutationem
2603 3849 2800 3891 rerum
2824 3827 2907 3890 ad
2924 3848 3093 3890 suam

708 3931 952 4021 speciem
999 3935 1506 4000 adumbrantibus.

2175 4053 2179 4058 ’
2288 4054 2375 4120 Η.
2426 4052 2533 4118 W.
2586 4071 2645 4116 v.
2698 4070 2761 4116 D.
2812 4051 2907 4116 M.
