3436 5161
1408 393 1808 445 nunonouus.
2711 372 2799 445 79

505 560 686 627 VIII.
750 559 875 627 83:
938 562 1024 628 τὰ
1086 560 1246 627 ἔπεα
1309 558 1380 638 ἦν
1424 562 1641 627 πάντα
1685 562 1981 643 κρέσσω
2032 569 2188 629 τοῖσι
2239 562 2449 641 ἥσσοσι
2496 562 2801 629 ἀντιτιθέ-

414 692 605 747 μενα.
674 668 878 757 Lege:
930 670 1029 736 τα
1081 668 1404 750 κρέσσω.

505 882 760 949 Dicitur
821 904 930 948 rex
990 882 1139 948 VIII
1185 880 1272 949 88
1322 882 1642 959 θηεύμενος
1689 885 1913 961 μαθεῖν
1958 882 2349 952 Artemisiae
2395 907 2626 954 navem
2674 887 2801 966 έμ-

413 988 856 1067 βαλοῢσαν.
926 988 1054 1053 Hic
1117 990 1278 1054 mihi
1341 990 1603 1057 artificis
1663 989 1843 1057 illius
1906 994 1974 1057 in
2042 1002 2325 1059 mentem
2396 996 2612 1078 venit,
2688 996 2801 1079 qui

411 1094 590 1162 Mare
649 1094 944 1161 Rubrum
1003 1098 1323 1181 pinxerat,
1375 1102 1710 1182 postquam
1759 1097 2087 1164 Israelitae
2123 1100 2260 1185 jam
2306 1100 2689 1166 transierant
2736 1106 2801 1167 et

414 1202 725 1289 Aegyptii
763 1201 1066 1267 fluctibus
1113 1205 1292 1267 erant
1337 1206 1550 1267 mersi.
1600 1200 1791 1267 Vides
1838 1224 2031 1289 quam
2081 1207 2507 1271 necessarium
2545 1206 2631 1271 sit
2676 1206 2802 1284 έμ-

411 1306 915 1385 βάλλουσαν.
988 1306 1235 1373 Deinde
1297 1330 1374 1373 ex
1435 1306 1660 1373 aulicis
1721 1328 1925 1387 unus,
1983 1308 2294 1389 δέσποτα,
2359 1312 2605 1396 inquit,
2656 1311 2799 1395 ὃρᾷο

416 1412 810 1493 Ἀρτεμισίην
872 1416 950 1485 ὦς
1015 1406 1081 1478 εὖ
1141 1411 1514 1494 ἀγωνίζεται
1575 1414 1706 1479 καὶ
1774 1414 1882 1479 νέα
1944 1422 2061 1481 τῶν
2118 1417 2429 1495 πολεμίων
2475 1416 2797 1484 κατέδυσε.

411 1516 538 1585 Sed
583 1518 762 1609 lege:
814 1510 848 1592 ἢ
894 1520 1050 1585 καί.

501 1730 804 1799 Nondum
851 1731 1252 1798 intellectum
1302 1734 1463 1811 fuit,
1511 1738 1821 1819 quantum
1868 1735 2091 1811 viden,
2133 1734 2492 1821 cujusmodi
2532 1748 2799 1812 λαμπα-
2874 1762 2881 1769 ·

411 1838 669 1917 δηΦορΙα
719 1838 914 1905 fuerit
932 1887 949 1918 ,
999 1858 1191 1924 quam
1240 1838 1470 1906 Graeci
1516 1840 1696 1906 festis
1745 1840 1967 1906 diebus
2014 1841 2435 1907 celebrabant.
2506 1842 2650 1909 Non
2694 1844 2799 1909 in-

411 1942 662 2009 tellexit
709 1950 876 2010 certe
921 1944 1217 2011 Muretus
1263 1965 1452 2031 quem
1505 1944 1975 2012 Stallbaumius
2022 1946 2245 2012 laudat
2290 1947 2369 2013 ad
2416 1947 2585 2014 Plat.
2636 1948 2799 2035 Rep.

409 2048 448 2114 1
496 2048 626 2115 328
674 2048 775 2115 A:
829 2050 998 2131 „Qui
1043 2050 1436 2117 curriculum
1484 2071 1672 2117 suum
1724 2053 2149 2129 confecerant,
2201 2053 2419 2119 ordine
2456 2052 2601 2120 aliis
2640 2054 2800 2121 lam·

411 2156 606 2242 padas
665 2157 1017 2223 tradebant.
1103 2156 1286 2223 Unde
1347 2156 1514 2223 illud
1579 2157 2057 2245 elegantissime
2119 2158 2365 2225 dictum
2424 2180 2463 2225 a
2530 2159 2799 2226 Platone

407 2260 612 2349 Legg.
680 2260 771 2329 VI
834 2262 966 2331 ‘7¹76
1014 2264 1103 2329 B:
1153 2264 1495 2340 γεννῶντάς
1543 2289 1612 2329 τε
1661 2264 1767 2329 καὶ
1820 2262 2229 2345 ἐκτρέφοντας
2277 2265 2550 2344 παῖδας,
2601 2266 2799 2333 καθά-

409 2390 523 2449 περ
593 2368 915 2447 λαμπάδα
985 2370 1087 2435 τὸν
1156 2370 1294 2449 βίον
1363 2368 1813 2448 παραδιδόντας
1884 2359 2103 2446 ἄλλοις
2166 2370 2236 2450 ἐξ
2296 2370 2541 2451 ἄλλων,
2603 2393 2797 2459 quem

407 2472 619 2540 locum
667 2478 760 2541 sic
807 2479 1118 2563 expressit
1165 2476 1500 2543 Lucretius
1546 2475 1608 2542 11
1657 2476 1783 2544 78:

679 2583 880 2669 Inque
925 2585 1106 2651 brevi
1153 2587 1361 2670 spatio
1408 2591 1743 2650 mutantur
1790 2583 1957 2651 secla
1996 2587 2399 2651 animantum
2419 2632 2436 2663 ,

680 2689 765 2755 Et
811 2692 992 2775 quasi
1037 2709 1322 2757 cursores
1365 2691 1527 2756 vitai
1575 2689 1874 2776 lampada
1920 2690 2249 2757 tradunt’'.

405 2794 670 2860 Rectius
727 2797 1078 2862 secundum
1140 2796 1644 2863 Stallbaumium
1707 2795 2361 2862 Schleiermacherus:
2430 2802 2565 2862 Das
2624 2797 2795 2876 ἀγώ-

407 2925 602 2979 νισμα
660 2905 888 2968 eebeint
948 2905 1118 2968 nicht
1169 2927 1429 2985 yeme-ren
1487 2927 1562 2968 zu
1621 2904 1749 2967 seim
1764 2951 1781 2982 ,
1844 2904 1955 2968 mit
1999 2904 2107 2967 der
2154 2903 2526 2968 brennenden
2574 2901 2799 2968 Fackel

406 3033 487 3074 an
549 3011 765 3092 iryend
823 3010 1010 3075 ciuem
1071 3011 1239 3076 Ziela
1296 3011 1710 3090 anzukommen
1732 3057 1748 3087 ‚
1802 3011 2059 3074 sondem
2103 3031 2223 3074 nur
2266 3010 2391 3074 sich
2437 3011 2600 3074 ihrer
2645 3011 2795 3074 noch

407 3117 714 3181 brennend
769 3139 844 3180 zu
898 3117 1252 3199 entlediyen.
1340 3117 1632 3182 Absurda
1676 3115 1815 3181 ludi
1860 3115 1967 3181 lex
2014 3119 2079 3181 et
2126 3119 2440 3203 repugnat
2484 3113 2796 3181 Herodoti
2858 3194 2863 3198 .

407 3224 750 3288 auctoritas
798 3220 967 3289 VIII
1016 3221 1130 3302 98,
1186 3224 1298 3288 ubi
1342 3221 1644 3288 describit
1687 3221 2006 3307 quomodo
2043 3222 2261 3286 nuncii
2300 3239 2415 3306 per
2449 3222 2798 3306 imperium

405 3327 747 3394 Persarum
797 3328 1126 3395 celerrime
1165 3328 1607 3414 perferrentur.
1658 3329 1735 3392 Ὀ
1774 3326 1889 3404 μὲν
1929 3326 1999 3401 δὴ
2040 3333 2268 3407 πρῶτος
2314 3325 2555 3407 δραμὼν
2596 3350 2801 3407 παρα-

407 3433 560 3499 διδοῖ
613 3435 698 3499 τοὶ
763 3435 1189 3512 ἐντεταλμένα
1235 3435 1321 3514 τῷ
1367 3433 1656 3514 δευτέρῳ,
1707 3433 1737 3498 ὃ
1788 3431 1851 3497 δὲ
1897 3433 2169 3513 δεύτερος
2218 3434 2301 3512 τῷ
2350 3433 2531 3514 τρίτῳ
2558 3454 2575 3472 ·
2623 3433 2693 3500 τὸ
2741 3432 2795 3497 δ’

406 3539 676 3604 ἐνθεῦτεν
763 3539 872 3616 ἤδη
956 3545 1099 3606 κατ’
1193 3538 1384 3606 ἄλλον
1470 3539 1855 3619 διεξέρχεται
1928 3538 2431 3618 παραδιδόμενα,
2506 3538 2793 3618 κατάπερ

401 3642 674 3721 Ἕλλησι
733 3647 768 3719 ἦ
835 3647 1324 3728 λαμπαδηφορίη
1387 3648 1496 3722 τὴν
1557 3648 1640 3727 τῷ
1691 3645 1983 3726 Ἠφαίςῳ
2032 3643 2430 3711 ἐπιτελέουσι.
2505 3644 2649 3711 Non
2698 3649 2796 3710 est

407 3749 666 3816 difficile
727 3755 1037 3839 conjicere
1095 3753 1459 3819 cuiusmodi
1519 3752 1639 3818 hoc
1699 3750 2021 3816 ludicrum
2080 3749 2298 3816 fuerit.
2384 3749 2554 3831 Quot
2616 3753 2796 3816 erant

405 3856 572 3922 faces
590 3909 607 3942 ,
677 3863 774 3923 tot
836 3865 1016 3924 erant
1071 3857 1376 3924 factiones
1426 3861 1776 3946 juvenum,
1837 3859 1950 3941 qui
1994 3858 2062 3920 in
2108 3857 2316 3922 stadio
2362 3859 2547 3922 certis
2593 3856 2793 3922 inter·-

403 3961 596 4030 vallis
656 3964 945 4050 dispositi
995 3967 1282 4044 stabant,
1332 3962 1648 4031 coloribus
1693 3965 1917 4048 opinor
1962 3962 2189 4030 aliisve
2236 3963 2597 4050 insignibus
2644 3981 2793 4027 con-

406 4072 630 4155 spicui.
705 4073 1048 4157 Acceptum
1113 4072 1316 4136 facem
1365 4073 1797 4155 unusquisque
1844 4075 2095 4155 portare
2141 4069 2409 4135 debebat
2456 4068 2537 4134 ad
2584 4071 2801 4154 proxi-

405 4195 582 4241 mam
623 4179 963 4243 stationem
1001 4177 1218 4262 ibique
1256 4177 1502 4243 tradere
1534 4175 1929 4242 adulescenti
1953 4199 2099 4240 suae
2122 4176 2432 4242 factionis.
2480 4173 2801 4241 Vincebat

395 4282 634 4368 factio,
699 4287 880 4370 cujus
925 4306 1168 4348 scema
1217 4284 1323 4349 fax
1368 4286 1577 4369 prima
1622 4291 1995 4368 pervenerat
2040 4283 2119 4347 ad
2166 4289 2431 4348 metam.
2500 4282 2623 4348 Ars
2660 4287 2801 4348 erat

406 4393 472 4453 et
518 4389 824 4454 currendo
871 4389 1150 4476 reliquos
1195 4410 1490 4475 superare
1537 4394 1600 4455 et
1647 4409 1907 4454 cursum
1960 4393 2212 4453 mature
2256 4387 2578 4466 inhibere,
2642 4408 2795 4454 nam

403 4496 458 4562 si
522 4498 666 4584 quis
729 4491 1152 4563 successorem
1219 4515 1407 4562 suum
1428 4542 1444 4575 ‚
1495 4495 1649 4561 dum
1699 4495 1879 4560 omni
1924 4496 2175 4581 impetu
2220 4493 2573 4580 ferebatur,
2618 4511 2793 4582 prae·
