3436 5161
1320 351 1583 406 oassms
1625 355 1760 405 mo.
2603 339 2736 408 825

442 515 715 584 Initium
752 519 969 586 deerat

532 645 586 691 c.
638 623 863 691 3--19

530 729 761 799 lacuna

533 858 587 903 c.
642 837 701 903 1.
752 836 812 902 2.
865 837 955 903 20
1000 859 1135 924 sqq.

346 942 573 1027 Itaque
620 945 687 1009 in
734 949 1058 1030 posterum
1103 944 1225 1010 hoc
1272 945 1462 1012 modo
1506 943 1808 1032 legamus
1854 964 2106 1010 necesse
2155 946 2314 1012 erit:

445 1048 505 1114 1.
553 1049 755 1135 Xiph.
807 1050 843 1114 1
869 1095 887 1128 ,
931 1047 1188 1116 6-122
1238 1049 1506 1116 Initium
1556 1049 1707 1116 belli
1759 1047 1995 1116 Cretici
2043 1071 2080 1116 a
2127 1049 2391 1119 Metello
2436 1057 2628 1142 gesti.

442 1154 507 1221 2.
553 1155 753 1240 Xiph.
809 1155 841 1220 1
869 1204 886 1233 ‚
937 1154 1194 1234 20-2,
1250 1154 1371 1242 15,
1418 1155 1540 1222 Dio
1588 1175 1645 1222 c.
1694 1153 1951 1222 3-19:
2004 1155 2266 1224 Luculli
2309 1159 2630 1244 expeditio
2667 1162 2734 1226 in

350 1261 743 1328 Armeniam.

443 1367 503 1433 3.
546 1366 669 1433 Dio
714 1368 747 1432 l
773 1414 791 1445 ,
838 1366 879 1432 2
928 1367 1056 1453 (Ex
1102 1367 1329 1454 capitis
1376 1366 1417 1432 2
1459 1367 1876 1455 paragraphis
1915 1366 1958 1434 2
1999 1372 2065 1432 et
2106 1365 2147 1431 3
2185 1388 2388 1454 pauca
2424 1371 2735 1457 quaedam

350 1474 519 1560 apud
564 1472 979 1558 Xiphilinum
1026 1473 1441 1539 inveniuntur
1459 1521 1477 1552 ‚
1530 1473 1563 1537 l
1591 1522 1607 1548 ,
1663 1471 1994 1558 12—20)=
2041 1472 2219 1539 Finis
2264 1473 2420 1540 belli
2475 1473 2737 1544 Cretici.

443 1581 505 1645 4.
550 1579 675 1646 Dio
721 1600 775 1645 c.
832 1579 922 1644 20
968 1597 1144 1665 sqq.t
1194 1579 1453 1645 Bellum
1502 1581 1872 1664 piraticum.

438 1685 539 1751 Ex
599 1687 1009 1770 quaternione
1070 1687 1277 1774 igitur
1338 1686 1609 1751 secundo
1672 1684 1774 1770 (ut
1836 1683 2154 1771 videtur),
2211 1689 2323 1772 qui
2369 1709 2538 1754 nunc
2583 1711 2734 1756 oum

346 1792 557 1878 primo
594 1792 787 1876 periit
822 1797 997 1856 totus
1015 1839 1033 1875 ,
1083 1797 1385 1876 quattuor
1429 1791 1583 1857 folia
1628 1811 1703 1858 eo
1749 1795 2036 1874 tempore
2081 1805 2486 1878 supererant,
2536 1815 2696 1880 quae
2715 1843 2732 1875 ‚

347 1918 497 1964 cum
531 1901 603 1963 in
643 1918 697 1963 c.
738 1895 963 1963 3-19
1000 1896 1181 1963 nulla
1215 1898 1443 1963 lacuna
1482 1899 1605 1983 sit,
1654 1895 1868 1963 media
1912 1896 2108 1962 fuisse
2154 1899 2506 1967 verisimile
2553 1909 2685 1968 est:

1211 2004 1248 2067 1
1274 2001 1357 2084 -1-
1380 2001 1422 2068 8

1206 2108 1248 2175 2
1275 2108 1355 2191 -1-
1382 2107 1420 2175 ’7

1210 2211 1252 2278 3
1273 2211 1354 2293 -1-
1380 2215 1455 2310 61

1209 2321 1251 2386 4
1275 2316 1355 2399 -1-
1381 2315 1457 2409 5}

434 2427 514 2494 In
554 2448 679 2514 qua
726 2425 1137 2513 dispositione
1179 2425 1300 2493 hoc
1344 2426 1556 2493 solum
1602 2429 1896 2507 offendit,
1947 2429 2115 2515 quod
2155 2431 2566 2497 statuendum
2609 2437 2732 2501 erit

345 2532 758 2621 Xiphilinum
810 2531 1053 2599 bellum
1101 2529 1428 2599 Creticum
1451 2579 1467 2611 ,
1517 2554 1554 2600 a
1593 2533 1798 2602 Dione
1845 2534 2090 2601 duobus
2123 2534 2282 2601 locis
2329 2545 2690 2605 enarratum
2713 2588 2730 2619 ,

344 2659 470 2705 uno
512 2645 727 2706 tenore
764 2638 1133 2707 absolvisse.
1181 2639 1363 2721 Quod
1404 2659 1767 2725 quanquam
1807 2661 1949 2707 raro
1987 2643 2140 2707 fecit
2161 2692 2177 2719 ,
2221 2649 2289 2708 at
2324 2643 2477 2709 fecit
2516 2651 2732 2712 tamen

344 2750 542 2813 etiam
590 2748 768 2816 alibi.
818 2745 914 2813 Of.
964 2768 1111 2834 ας.
1159 2767 1220 2832 p.
1275 2744 1385 2824 67,
1438 2746 1481 2811 2
1529 2746 1778 2833 (Dind.)
1826 2749 1976 2825 ubi,
2025 2748 2138 2813 lib.
2185 2748 2271 2813 49
2320 2770 2374 2816 c.
2431 2749 2509 2815 11
2553 2757 2620 2817 et
2647 2752 2730 2818 12

344 2874 717 2940 excerpens,
768 2854 912 2920 Sex.
962 2853 1235 2939 Pompei
1282 2873 1501 2919 necem
1551 2874 1631 2918 ex
1677 2874 1728 2918 c.
1787 2853 1869 2922 17
1917 2856 2321 2939 interposuit.

435 2960 630 3027 Libro
694 2965 910 3026 autem
975 2960 1057 3025 51
1121 2961 1316 3027 verba
1372 2960 1693 3024 ἐπιδιώκων
1741 2961 1853 3036 τήν
1899 2984 1970 3025 τε
2019 2964 2362 3038 Σεγετικῆν
2408 2998 2498 3013 --
2543 2988 2732 3041 μετε-

345 3066 653 3149 πέμψατο
717 3067 821 3132 καὶ
887 3056 949 3139 ὃς
1016 3066 1097 3153 (o.
1163 3064 1287 3143 23,
1347 3064 1610 3143 5-26,
1680 3065 1744 3150 1)
1813 3067 1948 3131 sine
2007 3064 2142 3132 ullo
2188 3067 2450 3135 lacunae
2501 3070 2732 3137 indicio

344 3177 581 3241 omissa
636 3180 807 3239 sunt.
894 3172 1149 3239 Folium
1214 3170 1459 3237 scilicet
1520 3170 1736 3237 deerat
1796 3174 1864 3236 in
1925 3170 2237 3239 Mediceo.
2324 3174 2448 3241 Sed
2509 3176 2731 3243 eodem

343 3280 509 3347 libro
554 3282 723 3345 inter
766 3300 819 3345 c.
868 3277 991 3362 26,
1042 3278 1081 3343 5
1130 3276 1275 3357 πρὸς
1323 3280 1454 3359 γὰρ
1502 3278 1585 3357 τῷ
1637 3276 1813 3343 ὕδατι
1865 3278 2056 3344 ἔπειτα
2102 3286 2166 3345 et
2205 3276 2318 3356 27,
2369 3280 2402 3345 1
2445 3284 2549 3348 καὶ
2594 3308 2734 3348 νεω-

343 3389 629 3468 τερισμὸν
713 3386 1121 3464 ἐμποιοῦντας
1198 3384 1509 3469 quaedam
1582 3382 1922 3449 desiderari
1993 3388 2200 3470 spatio
2269 3407 2570 3453 versuum
2648 3389 2731 3455 12

345 3512 547 3560 vacuo
608 3491 927 3557 indicatur
943 3539 962 3574 ,
1026 3488 1195 3556 unde
1253 3495 1430 3575 patet
1494 3488 1864 3555 Mediceum
1929 3510 2178 3576 quoque
2245 3492 2400 3561 haec
2416 3541 2434 3573 ,
2507 3493 2735 3563 lacuna

345 3598 660 3682 indicata,
706 3598 997 3663 omisisse
1034 3596 1137 3682 (ut
1177 3593 1264 3660 48
1284 3646 1302 3670 ,
1347 3595 1421 3673 4,
1478 3592 1519 3659 3
1566 3593 1762 3661 aliam
1812 3594 2106 3662 lacunam
2155 3596 2573 3686 significavit)
2619 3608 2734 3668 aut

344 3703 643 3771 habuisse
703 3702 963 3788 quidem
981 3749 1000 3781 ‚
1059 3701 1169 3767 sed
1217 3700 1473 3767 madore
1518 3699 1625 3767 vel
1671 3704 1898 3786 quavis
1941 3702 2068 3767 alia
2115 3723 2302 3770 causa
2347 3706 2441 3771 ita
2487 3726 2734 3773 corrosa

344 3810 451 3877 vel
491 3809 858 3877 oblitterata
876 3855 893 3886 ,
944 3812 1018 3873 ut
1062 3807 1195 3895 legi
1244 3805 1523 3893 amplius
1569 3828 1696 3873 non
1743 3814 2018 3893 possent.
2089 3808 2336 3875 Iterum
2384 3810 2615 3877 folium
2661 3815 2730 3879 in

343 3916 635 3983 Mediceo
697 3918 889 4002 periit
950 3914 1062 3980 lib.
1126 3912 1212 3977 52
1261 3914 1429 3979 inter
1474 3934 1529 3979 c.
1584 3911 1669 3978 13
1713 3920 1780 3979 et
1821 3914 1904 3979 14
1927 3960 1944 3993 ‚
1987 3915 2154 3999 quod
2202 3914 2492 3983 Vaticani
2538 3916 2734 3985 libra-

342 4024 479 4087 rius
537 4042 665 4088 non
726 4021 891 4087 vidit
947 4020 1055 4107 (cf.
1120 4018 1333 4105 infra).
1418 4018 1611 4085 Libro
1671 4020 1898 4085 deinde
1962 4020 2050 4085 54
2105 4022 2216 4086 ubi
2287 4024 2354 4087 in
2424 4021 2763 4092 Vaticano

344 4127 779 4194 desiderantur
840 4148 891 4192 c.
962 4126 1019 4205 7,
1091 4123 1353 4210 6-19,
1418 4124 1460 4188 4
1522 4124 1844 4202 γενόμενος
1911 4164 1998 4175 -
2056 4126 2160 4192 τὸν
2225 4133 2334 4194 τοῦ
2397 4138 2729 4218 Κυρι....,

343 4236 623 4320 quinque
668 4232 824 4300 folia
867 4252 1026 4319 pura
1071 4231 1367 4298 lacunam
1407 4230 1770 4297 ostendunt.
1821 4230 2058 4298 Verum
2099 4232 2316 4317 paullo
2354 4240 2498 4322 post
2536 4235 2728 4305 libra·

342 4343 479 4407 rius
518 4339 695 4406 aliud
732 4360 960 4427 agens,
1001 4359 1150 4404 cum
1189 4340 1259 4403 in
1293 4337 1587 4404 Medioeo
1635 4359 1838 4404 unum
1887 4337 2118 4404 folium
2156 4342 2422 4427 periisse
2443 4361 2567 4410 non
2592 4346 2729 4409 ani-

342 4445 774 4515 madverteret
818 4466 969 4512 oum
1014 4444 1228 4515 verbis
1272 4442 1488 4510 πάντα
1535 4444 1753 4511 τᾶλλα
1805 4446 2155 4524 ἐκπώματα
2203 4467 2262 4513 c.
2309 4446 2437 4534 23,
2487 4450 2530 4514 8
2579 4470 2729 4516 con·

2379 4568 2442 4619 21

1426 2005 1462 2198 ἶ
1479 2051 1796 2135 perierant

1478 2264 1849 2348 supererant
