3436 5161
1002 1194 1698 1271 OBSERVATIONES
1759 1190 2165 1268 ORI'I'IOAE

1552 1423 1615 1463 m

1227 1618 1949 1725 HERODO'I'UM.

1453 1864 1739 1915 scaffen*

1307 2066 1376 2135 S.
1423 2070 1496 2134 A.
1548 2066 1860 2136 NABER.

1469 2390 1722 2421 -m-

477 2676 667 2761 Apud
719 2676 1120 2742 Herodotum
1165 2675 1200 2740 I
1250 2673 1289 2743 '7
1339 2677 1579 2762 vig-inti
1625 2675 1753 2742 duo
1797 2673 2177 2742 Heraclidae
2222 2674 2529 2743 Sardibus
2574 2679 2781 2764 impe·

383 2783 552 2846 rium
613 2781 942 2869 Lydorum
1007 2781 1282 2846 tenuisse
1345 2781 1644 2847 dicuntur
1706 2802 1910 2866 usque
1972 2782 2053 2847 ad
2112 2788 2505 2866 postremum
2555 2803 2773 2870 regem

383 2883 812 2966 Candaulem‚
872 2891 976 2952 oui
1033 2886 1449 2953 Mermnadae
1495 2895 1949 2953 successerunt.
2026 2887 2174 2972 Ipsa
2220 2888 2415 2954 verba
2463 2908 2623 2972 quae
2668 2909 2775 2954 me

383 2991 820 3069 adverterunt,
885 2993 1038 3058 haee
1099 3000 1280 3059 sunt:
1345 2991 1642 3072 ἄρξαντες
1717 2993 1889 3081 [μὲν]
1950 2993 2050 3057 ἐπὶ
2101 2992 2202 3059 δύο
2250 2994 2378 3079 [τε]
2430 2995 2534 3058 καὶ
2583 2993 2770 3060 εἴκοσι

381 3099 606 3173 γενεὰς
672 3099 926 3177 ἀνδρῶν,
988 3097 1136 3163 ἔτεα
1195 3101 1438 3163 πέντε
1501 3101 1636 3184 [τε]
1702 3099 1809 3164 καὶ
1875 3098 2295 3182 munima-m,
2367 3106 2519 3171 παῖς
2595 3101 2771 3179 παρὰ

382 3205 610 3282 πατρὸς
675 3205 1061 3278 ἐκδεκόμενός
1127 3207 1235 3276 τὴν
1299 3207 1500 3284 ἀρχὴν
1545 3207 1734 3285 μέχρι
1791 3204 2186 3270 Κανδαύλεω.
2258 3205 2401 3270 Non
2449 3205 2773 3272 intercedo

380 3311 720 3393 quominus
787 3309 1198 3376 eliminentur
1269 3317 1396 3375 tres
1465 3309 1849 3394 particulae.
1944 3331 2101 3394 quas
2172 3307 2449 3376 Gobetus
2518 3313 2769 3377 notavit

380 3417 602 3480 Μαι-φη.
653 3414 849 3481 XXII
901 3415 1022 3499 ¹72,
1071 3415 1178 3481 sed
1226 3417 1679 3482 debebimusne
1721 3419 2033 3501 patienter
2072 3416 2235 3482 ferre
2276 3419 2555 3501 spatium
2604 3415 2769 3482 illud

379 3541 682 3586 annorum
739 3521 868 3586 505
889 3572 907 3605 ‚
957 3543 1070 3608 per
1113 3521 1281 3607 quod
1330 3522 1708 3588 Heraclidae
1747 3524 2111 3609 regnavisse
2148 3520 2489 3588 dicuntur?
2527 3522 2617 3588 Ut
2657 3525 2770 3607 qui

377 3627 732 3713 plurimum
799 3631 1272 3712 minimumque
1343 3628 1640 3712 tradunt,
1713 3631 1969 3716 Agron,
2044 3630 2153 3712 qui
2199 3627 2447 3713 primus
2492 3649 2764 3715 regnum

378 3735 696 3810 obtinuit,
747 3736 1035 3809 πέμπτος
1083 3733 1210 3814 ἀφ’
1261 3735 1630 3813 Ἡρακλέους
1684 3737 1849 3799 vixit
1896 3735 2025 3800 fere
2072 3741 2357 3818 tempore
2414 3732 2569 3798 belli
2615 3731 2769 3798 Tro-

363 3843 502 3925 jani
551 3848 614 3905 et
661 3841 1026 3906 Herodotus
1074 3861 1273 3925 quum
1323 3840 1638 3906 scribebat
1685 3841 1764 3905 de
1802 3841 1993 3905 rebus
2032 3845 2162 3904 tam
2206 3839 2509 3911 vetustis,
2552 3841 2799 3903 neees-'

375 3949 539 4010 sario
603 3946 906 4011 rotundos
965 3966 1262 4010 numeros
1317 3965 1622 4030 usurpare
1672 3945 1913 4012 debuit.
1981 3943 2193 4010 Sensit
2240 3963 2379 4009 eam
2430 3943 2766 4009 difficulta-

373 4057 505 4117 tem
568 4051 885 4117 Rudolfus
943 4049 1367 4134 Sohubertus,
1434 4053 1543 4135 qui
1605 4070 1808 4135 nuper
1870 4049 2198 4137 Lydorum
2262 4069 2363 4114 res
2410 4047 2768 4116 illustravit

372 4159 588 4242 itaque
625 4159 992 4243 perscripsit
1040 4178 1099 4241 p.
1157 4153 1200 4220 8
1249 4153 1688 4222 Gutsehmidii
1729 4156 2149 4234 sententiam,
2191 4175 2381 4240 quam
2410 4156 2663 4222 dootam
2699 4162 2764 4221 et

374 4269 624 4327 acutam
692 4283 827 4328 esse
880 4263 1102 4341 viden,
1150 4263 1260 4328 sed
1307 4283 1524 4328 veram
1574 4283 1710 4328 esse
1756 4282 1941 4349 nego.
2012 4261 2329 4339 Fuerunt,
2380 4263 2631 4347 inquit,
2664 4263 2761 4356 ‘ab

369 4369 626 4455 Agrone
688 4389 886 4452 usque
944 4369 1023 4434 ad
1085 4369 1394 4434 ultimum
1455 4389 1668 4456 regem
1722 4365 2031 4434 Croesum
2082 4387 2267 4454 reges
2315 4365 2437 4448 27,
2492 4386 2763 4450 quorum

373 4477 652 4559 quinque
696 4480 1048 4560 postremos
1096 4479 1172 4539 de
1218 4473 1741 4540 Mermnadarum
1788 4481 1985 4561 gente
2028 4473 2221 4538 fuisse
2263 4475 2585 4538 novimus.
2632 4471 2769 4538 Hos
