3436 5161
1425 387 1767 438 olonno.⁴
2613 367 2837 438 80¹2·⁴

357 562 468 624 net
512 557 592 624 ad
637 549 832 642 caput
879 554 962 620 31
985 605 1004 641 ‚
1053 555 1216 641 quae
1261 557 1437 621 enim
1485 557 1576 620 ibi
1616 555 1925 642 leg-untur
1962 561 2109 640 apte
2142 557 2517 621 continuant
2554 576 2745 644 argu·

355 671 648 731 mentum
697 662 864 749 quod
911 665 980 728 in
1027 682 1218 748 supra
1263 661 1600 747 descriptis
1619 711 1638 745 ,
1685 664 1820 727 suis
1866 664 2105 747 partim
2152 662 2361 728 verbis
2378 709 2397 744 ,
2437 663 2747 748 Augusti-

353 791 478 836 nus
531 768 828 855 explicat.
917 767 1318 853 Interpositis
1364 767 1751 852 quibusdam
1800 767 1877 832 de
1924 766 2267 833 Phalaride
2320 768 2747 853 Agrigentino

353 875 511 941 haec
569 875 993 960 sequebantur
1051 875 1089 959 ᾖ
1151 873 1272 938 43:
1339 921 1376 952 ,‚
1408 923 1420 936 .
1458 925 1468 936 .
1501 879 1843 959 reportare.
1926 871 2098 959 Ergo
2158 871 2337 938 illam
2387 874 2745 957 (civitatem

355 979 880 1068 Agrigentinum)
941 1001 1078 1044 rem
1144 977 1364 1064 populi
1381 1029 1402 1064 ,
1463 979 1534 1044 id
1577 984 1675 1045 est
1722 999 1861 1044 rem
1908 976 2275 1064 publicam,
2320 978 2465 1063 quis
2510 977 2751 1046 diceret

355 1090 498 1151 tum
516 1132 533 1164 ,
581 1107 733 1183 oum
779 1084 1160 1151 crudelitate
1201 1086 1396 1150 unius
1433 1087 1716 1170 oppressi
1756 1088 1967 1150 essent
2004 1079 2327 1160 universi,
2352 1102 2557 1168 neque
2582 1089 2749 1150 esset

357 1213 560 1257 unum
605 1190 938 1257 vinculum
985 1192 1148 1256 iuris
1190 1211 1308 1256 nec
1355 1209 1692 1256 consensus
1740 1209 1813 1256 ac
1860 1192 2129 1254 societas
2174 1193 2395 1254 coetus
2414 1235 2433 1266 ,
2472 1191 2629 1274 quod
2660 1196 2749 1254 est

346 1295 666 1386 populu&
737 1297 1072 1363 Postrema
1137 1302 1276 1362 tum
1343 1297 1602 1362 demum
1669 1303 1841 1362 recte
1900 1294 2205 1361 collocata
2268 1300 2483 1371 erunt,
2552 1296 2607 1360 si
2676 1296 2747 1360 in

357 1404 788 1489 superioribus
851 1405 990 1488 ipsa
1049 1402 1272 1490 populi
1334 1401 1618 1468 definitio
1679 1404 1983 1468 restituta
2046 1402 2186 1467 erit.
2272 1399 2560 1487 Populus
2615 1405 2713 1466 est
2726 1446 2745 1479 ‚

361 1515 434 1574 ut
493 1511 778 1576 vidimus
798 1556 814 1585 ,
885 1517 1140 1593 „coetus
1199 1507 1636 1574 multitudinis
1656 1554 1673 1585 ‚
1736 1509 1897 1572 iuris
1956 1527 2263 1572 consensu
2324 1512 2392 1571 et
2441 1505 2747 1572 utilitatis

358 1615 804 1681 communione
865 1614 1204 1680 sociatus’'.
1297 1613 1398 1680 Ad
1458 1614 1614 1679 haee
1671 1612 1788 1679 illa
1834 1611 2205 1698 corrigenda
2254 1617 2447 1697 puto:
2501 1631 2745 1698 „neque

353 1731 520 1786 esset
564 1723 752 1785 ullum
799 1720 1131 1786 vinculum
1176 1722 1334 1786 iuris
1351 1766 1368 1797 ‚
1408 1741 1522 1785 nec
1559 1739 1869 1786 consensu
1908 1739 1980 1784 ac
2018 1717 2153 1782 iure
2190 1722 2449 1782 sociatus
2486 1722 2707 1784 ooetus
2724 1763 2742 1796 ‚

355 1822 520 1912 quod
581 1832 680 1892 est
725 1825 1060 1912 populus”.
1139 1827 1287 1890 Iure
1329 1828 1642 1891 omissum
1692 1831 1791 1890 est
1835 1829 1979 1910 post
2022 1823 2180 1888 iuris
2226 1843 2418 1909 supra
2461 1823 2698 1889 lectum
2723 1869 2742 1902 ,

352 1938 495 1998 tum
560 1932 804 2017 reliqua
849 1939 1072 2017 sponte
1115 1937 1352 1998 secuta.
1415 1933 1671 1996 Societas
1717 1941 1917 1996 coetus
1962 1935 2177 1996 autem
2226 1931 2353 1994 non
2397 1928 2705 2016 intellego
2719 1978 2735 2007 ,
2790 1996 2799 2003 ,

353 2046 418 2103 et
477 2041 903 2123 requireretur
920 2086 938 2119 ‚
1003 2041 1059 2102 si
1123 2039 1474 2102 sententiae
1531 2037 1638 2102 vel
1683 2039 1967 2102 maxime
2012 2035 2436 2101 satisfaceret:
2489 2035 2592 2119 qui
2638 2033 2747 2100 vel⁴

357 2166 524 2228 quae.
604 2144 778 2225 Quod
832 2145 978 2208 ferri
1039 2149 1248 2228 potest
1266 2191 1281 2216 ‚
1347 2145 1402 2208 si
1455 2142 1813 2209 subiectum
1868 2140 2263 2229 (relativum)
2314 2145 2379 2204 et
2424 2141 2743 2225 praedica-

353 2255 493 2314 tum
561 2269 674 2336 per
739 2247 1170 2314 definitionem
1219 2255 1681 2334 exaequantur,
1728 2255 1806 2314 ut
1850 2248 1971 2313 hoc
2014 2247 2155 2312 loco
2200 2255 2341 2331 post
2392 2266 2741 2325 „consensu

355 2375 428 2420 ac
485 2358 624 2420 iure
682 2355 1086 2443 (hendiadys)
1138 2357 1416 2420 sociatus
1466 2353 1749 2437 coctus”‚
1798 2373 1995 2439 aeque
2038 2357 2209 2418 recte
2254 2353 2412 2436 quod
2453 2353 2743 2437 sequitur

357 2481 432 2527 ao
478 2461 796 2527 diceretur
846 2466 954 2539 „id
995 2466 1212 2528 autem
1267 2467 1366 2526 est
1411 2459 1749 2546 populus”.

448 2673 556 2741 45.
628 2675 890 2755 Quaerit
947 2674 1196 2761 Scipio,
1260 2695 1415 2739 num
1481 2672 1702 2761 populi
1762 2674 2107 2757 imperium
2172 2673 2261 2736 sit
2312 2691 2413 2737 res
2460 2670 2739 2757 publica.

359 2782 568 2861 „Tum
633 2780 890 2848 Laelius
910 2830 927 2859 ,
988 2802 1061 2847 ac
1121 2780 1368 2847 nullam
1432 2781 1689 2866 quid-em
1754 2780 1947 2844 citius
2006 2780 2379 2866 negaverim
2434 2800 2558 2842 csse
2604 2798 2739 2843 rem

355 2886 682 2972 publicam
701 2934 718 2964 ,
760 2907 950 2973 quam
991 2889 1180 2952 istam
1224 2906 1386 2972 quae
1433 2892 1499 2951 to
1539 2888 1551 2971 Ι
1593 2890 1660 2950 ta
1685 2930 1971 2951 .......
1997 2906 2059 2969 p.
2100 2881 2114 2971 Ι
2152 2904 2241 2969 pu
2268 2928 2650 2949 .........
2692 2884 2703 2966 Ι

354 2997 466 3059 n‘r.
492 3015 525 3060 s
551 3040 832 3059 .......
878 2995 890 3077 Ι
931 3012 1040 3059 mo
1066 3040 1262 3058 .....
1313 2993 1454 3058 obis
1492 2994 1504 3076 Ι
1543 3012 1666 3057 non
1726 2991 1913 3075 placn
1939 3038 1954 3055 .
1987 3038 2001 3055 .
2030 3040 2044 3053 .
2092 2991 2103 3073 Ι
2142 2987 2478 3076 Syracusis
2545 2987 2743 3053 fuisse

355 3122 492 3167 rem
541 3098 935 3187 publicam”.

446 3204 555 3272 Sic
619 3206 831 3271 locum
879 3204 1055 3270 dedit
1099 3198 1403 3269 Halmius
1449 3225 1529 3269 ex
1575 3202 1911 3269 collatione
1958 3200 2339 3285 Detlefseni‚
2400 3202 2512 3286 qui
2557 3220 2741 3286 prae·

353 3318 527 3376 terea
587 3317 730 3395 post
783 3327 866 3375 'ro
905 3312 917 3395 Ι
957 3328 1042 3375 ’Μ
1089 3312 1357 3398 agnovit
1401 3326 1474 3387 ο,
1524 3316 1665 3394 post
1708 3327 1820 3373 m.
1854 3325 1889 3373 s
1934 3308 2309 3391 interposita
2352 3327 2480 3372 una
2524 3306 2745 3373 littera

355 3417 525 3483 vidit
567 3433 667 3482 ns.
739 3414 1010 3501 Supplet
1054 3416 1172 3481 IL:
1234 3436 1432 3501 „quae
1475 3422 1540 3480 to
1580 3417 1592 3502 Ι
1633 3424 1700 3479 ta
1736 3413 2014 3478 mutabili
2051 3432 2133 3498 po
2172 3416 2184 3498 1
2224 3414 2365 3497 pulo·
2406 3413 2583 3477 libias·
2623 3414 2633 3497 Ι
2674 3414 2743 3477 ni

353 3522 438 3585 sit
481 3522 768 3600 subiecta,
813 3524 824 3606 Ι
865 3524 1048 3587 modo
1094 3530 1160 3585 ut
1197 3522 1380 3587 nobis
1417 3522 1430 3605 Ι
1471 3539 1594 3587 non
1635 3519 1947 3605 placuiff,
1993 3518 2130 3585 rell.
2180 3518 2513 3585 Postrema
2550 3518 2741 3605 paulo

349 3626 614 3693 fortasse
661 3627 894 3692 melius
939 3626 1069 3715 legi
1120 3635 1418 3711 possunt:
1473 3628 1568 3710 „si
1615 3628 1798 3691 modo
1846 3634 2001 3707 recte
2043 3627 2225 3691 nobis
2272 3647 2397 3692 non
2437 3624 2740 3713 placuit”.

347 3730 598 3798 Incerta
656 3736 866 3818 priora
923 3742 1112 3809 sunt;
1177 3735 1574 3819 scripserim:
1635 3750 1799 3816 quae
1844 3740 1912 3796 to
1950 3733 1963 3817 Ι
2004 3738 2071 3796 ta
2118 3732 2386 3795 oboediat
2430 3750 2507 3815 po
2546 3732 2559 3814 Ι
2598 3730 2741 3814 puli

351 3840 546 3903 lubian·
584 3840 594 3923 Ι
635 3842 702 3903 ni
729 3886 1016 3903 .......
1082 3839 1139 3903 a·
1177 3841 1190 3923 Ι
1231 3840 1414 3903 modo
1480 3844 1636 3902 recte
1654 3886 1672 3921 ,
1743 3836 1883 3903 rell.
1976 3834 2133 3901 Post
2203 3836 2465 3899 lubidini
2534 3837 2742 3919 spatio

351 3945 686 4029 respondet
731 3945 984 4009 incanae
1001 3990 1018 4023 ‚
1067 3945 1176 4010 sed
1222 3966 1344 4011 non
1395 3947 1608 4031 magis
1654 3943 1775 4008 hoc
1812 3962 2007 4026 quam
2049 3942 2303 4007 Halmii
2338 3940 2743 4026 supplemen-

350 4053 496 4115 tum
545 4053 843 4116 convenit
889 4071 1038 4117 cum
1088 4054 1382 4139 vestigiis
1429 4069 1468 4114 a
1518 4048 1881 4115 Detlefseno
1930 4047 2225 4113 inventis.

445 4154 625 4221 Libri
670 4155 782 4233 IV,
833 4159 1012 4221 cuius
1057 4156 1124 4220 in
1172 4158 1386 4223 codice
1432 4176 1636 4219 unum
1685 4162 1940 4219 tantum
1991 4152 2217 4219 folium
2266 4160 2591 4239 superest,
2640 4154 2741 4238 §4

357 4264 754 4341 „iuventutis
818 4281 968 4328 vero
1016 4264 1386 4328 exercitatio
1431 4282 1624 4347 quam
1677 4259 1950 4326 absurda
1994 4260 2063 4324 in
2109 4256 2501 4347 gymnasiis!
2548 4278 2743 4343 quam

350 4368 516 4435 lewis
577 4369 962 4453 epheborum
1031 4368 1147 4433 illa
1207 4363 1482 4433 militiai
1549 4388 1741 4453 quam
1808 4368 2333 4431 contrectationes
2364 4369 2451 4429 ·et
2494 4384 2743 4429 amores

351 4475 548 4541 soluti
611 4482 678 4541 et
737 4470 960 4540 liberii
1025 4476 1216 4540 mitto
1279 4476 1446 4559 apud
1499 4472 1686 4539 Eleos
1732 4479 1799 4538 et
1843 4470 2207 4552 Thebanos,
2252 4470 2422 4558 apud
2466 4489 2628 4555 qnos
2672 4472 2743 4535 in
