<?xml version="1.0" encoding="UTF-8"?>
<!DOCTYPE html PUBLIC "-//W3C//DTD XHTML 1.0 Transitional//EN"
    "http://www.w3.org/TR/xhtml1/DTD/xhtml1-transitional.dtd">
<html xmlns="http://www.w3.org/1999/xhtml" xml:lang="en" lang="en">
 <head>
  <title>
</title>
<meta http-equiv="Content-Type" content="text/html;charset=utf-8" />
  <meta name='ocr-system' content='tesseract 3.04.00' />
  <meta name='ocr-capabilities' content='ocr_page ocr_carea ocr_par ocr_line ocrx_word'/>
</head>
<body>
  <div class='ocr_page' id='page_1' title='image "./mnemosynevolume00verdgoog_0203.png"; bbox 0 0 3436 5161; ppageno 0'>
   <div class='ocr_carea' id='block_1_1' title="bbox 1408 352 2769 421">
    <p class='ocr_par' dir='ltr' id='par_1_1' title="bbox 1408 352 2769 421">
     <span class='ocr_line' id='line_1_1' title="bbox 1408 352 2769 421; baseline 0.003 -4"><span class='ocrx_word' id='word_1_1' title='bbox 1408 370 1732 419; x_wconf 72' lang='lat' dir='ltr'><strong>nouenos.</strong></span> <span class='ocrx_word' id='word_1_2' title='bbox 2641 352 2769 421; x_wconf 83' lang='lat'><strong>189</strong></span> 
     </span>
    </p>
   </div>
   <div class='ocr_carea' id='block_1_2' title="bbox 353 532 2777 1474">
    <p class='ocr_par' dir='ltr' id='par_1_2' title="bbox 353 532 2777 1260">
     <span class='ocr_line' id='line_1_2' title="bbox 471 532 2774 624; baseline 0.001 -23"><span class='ocrx_word' id='word_1_3' title='bbox 471 535 684 602; x_wconf 83' lang='lat' dir='ltr'><strong>Facile</strong></span> <span class='ocrx_word' id='word_1_4' title='bbox 720 539 937 601; x_wconf 85' lang='lat' dir='ltr'><strong>tamen</strong></span> <span class='ocrx_word' id='word_1_5' title='bbox 976 532 1404 623; x_wconf 76' lang='lat' dir='ltr'><strong>intelligitur,</strong></span> <span class='ocrx_word' id='word_1_6' title='bbox 1445 539 1727 621; x_wconf 85' lang='lat' dir='ltr'><strong>posteros</strong></span> <span class='ocrx_word' id='word_1_7' title='bbox 1766 534 1929 601; x_wconf 85' lang='lat' dir='ltr'><strong>hanc</strong></span> <span class='ocrx_word' id='word_1_8' title='bbox 1969 534 2297 618; x_wconf 77' lang='lat' dir='ltr'><strong>elisionem</strong></span> <span class='ocrx_word' id='word_1_9' title='bbox 2320 585 2335 614; x_wconf 89' lang='lat'><strong>,</strong></span> <span class='ocrx_word' id='word_1_10' title='bbox 2371 557 2531 624; x_wconf 86' lang='lat' dir='ltr'><strong>quae</strong></span> <span class='ocrx_word' id='word_1_11' title='bbox 2558 537 2774 604; x_wconf 85' lang='lat' dir='ltr'><strong>durior</strong></span> 
     </span>
     <span class='ocr_line' id='line_1_3' title="bbox 353 638 2772 728; baseline 0.001 -20"><span class='ocrx_word' id='word_1_12' title='bbox 353 638 537 728; x_wconf 81' lang='lat' dir='ltr'><strong>&#39;ipsis</strong></span> <span class='ocrx_word' id='word_1_13' title='bbox 601 642 923 709; x_wconf 81' lang='lat' dir='ltr'><strong>videretur</strong></span> <span class='ocrx_word' id='word_1_14' title='bbox 985 647 1050 707; x_wconf 88' lang='lat' dir='ltr'><strong>et</strong></span> <span class='ocrx_word' id='word_1_15' title='bbox 1113 662 1150 707; x_wconf 86' lang='lat' dir='ltr'><strong>a</strong></span> <span class='ocrx_word' id='word_1_16' title='bbox 1199 644 1374 709; x_wconf 84' lang='lat' dir='ltr'><strong>vitae</strong></span> <span class='ocrx_word' id='word_1_17' title='bbox 1435 641 1842 727; x_wconf 75' lang='lat' dir='ltr'><strong>quotidianae</strong></span> <span class='ocrx_word' id='word_1_18' title='bbox 1904 662 2027 708; x_wconf 87' lang='lat' dir='ltr'><strong>usu</strong></span> <span class='ocrx_word' id='word_1_19' title='bbox 2074 644 2469 722; x_wconf 88' lang='lat' dir='ltr'><strong>abhorreret,</strong></span> <span class='ocrx_word' id='word_1_20' title='bbox 2518 646 2772 710; x_wconf 86' lang='lat' dir='ltr'><strong>nonnisi</strong></span> 
     </span>
     <span class='ocr_line' id='line_1_4' title="bbox 382 749 2773 835; baseline 0 -20"><span class='ocrx_word' id='word_1_21' title='bbox 382 751 620 816; x_wconf 79' lang='lat' dir='ltr'><strong>invitos</strong></span> <span class='ocrx_word' id='word_1_22' title='bbox 663 751 733 814; x_wconf 88' lang='lat' dir='ltr'><strong>in</strong></span> <span class='ocrx_word' id='word_1_23' title='bbox 779 750 1040 835; x_wconf 84' lang='lat' dir='ltr'><strong>antiqua</strong></span> <span class='ocrx_word' id='word_1_24' title='bbox 1086 751 1259 834; x_wconf 74' lang='lat' dir='ltr'><strong>poesi</strong></span> <span class='ocrx_word' id='word_1_25' title='bbox 1306 768 1630 834; x_wconf 84' lang='lat' dir='ltr'><strong>perpessos</strong></span> <span class='ocrx_word' id='word_1_26' title='bbox 1675 749 1871 815; x_wconf 79' lang='lat' dir='ltr'><strong>fuisse</strong></span> <span class='ocrx_word' id='word_1_27' title='bbox 1892 796 1909 827; x_wconf 87' lang='lat'>‚</span> <span class='ocrx_word' id='word_1_28' title='bbox 1959 752 2025 815; x_wconf 82' lang='lat' dir='ltr'><strong>et-</strong></span> <span class='ocrx_word' id='word_1_29' title='bbox 2070 750 2279 816; x_wconf 86' lang='lat' dir='ltr'><strong>sieubi</strong></span> <span class='ocrx_word' id='word_1_30' title='bbox 2328 772 2469 817; x_wconf 85' lang='lat' dir='ltr'><strong>eam</strong></span> <span class='ocrx_word' id='word_1_31' title='bbox 2532 754 2773 818; x_wconf 82' lang='lat' dir='ltr'><strong>evitare</strong></span> 
     </span>
     <span class='ocr_line' id='line_1_5' title="bbox 381 854 2773 942; baseline 0 -20"><span class='ocrx_word' id='word_1_32' title='bbox 381 861 634 942; x_wconf 80' lang='lat' dir='ltr'><strong>possent</strong></span> <span class='ocrx_word' id='word_1_33' title='bbox 679 858 988 935; x_wconf 80' lang='lat' dir='ltr'><strong>evitasse;</strong></span> <span class='ocrx_word' id='word_1_34' title='bbox 1039 858 1177 921; x_wconf 87' lang='lat' dir='ltr'><strong>sive</strong></span> <span class='ocrx_word' id='word_1_35' title='bbox 1225 855 1413 920; x_wconf 84' lang='lat' dir='ltr'><strong>aliter</strong></span> <span class='ocrx_word' id='word_1_36' title='bbox 1459 856 1652 922; x_wconf 80' lang='lat' dir='ltr'><strong>verba</strong></span> <span class='ocrx_word' id='word_1_37' title='bbox 1701 854 2065 922; x_wconf 77' lang='lat' dir='ltr'><strong>collocando</strong></span> <span class='ocrx_word' id='word_1_38' title='bbox 2084 904 2103 935; x_wconf 86' lang='lat'><em>,</em></span> <span class='ocrx_word' id='word_1_39' title='bbox 2147 859 2283 924; x_wconf 79' lang='lat' dir='ltr'><strong>sive</strong></span> <span class='ocrx_word' id='word_1_40' title='bbox 2319 856 2617 924; x_wconf 83' lang='lat' dir='ltr'><strong>voculam</strong></span> <span class='ocrx_word' id='word_1_41' title='bbox 2661 856 2773 922; x_wconf 87' lang='lat' dir='ltr'><strong>ali·</strong></span> 
     </span>
     <span class='ocr_line' id='line_1_6' title="bbox 382 961 2776 1051; baseline 0.001 -24"><span class='ocrx_word' id='word_1_42' title='bbox 382 983 573 1049; x_wconf 88' lang='lat' dir='ltr'><strong>quam</strong></span> <span class='ocrx_word' id='word_1_43' title='bbox 641 963 1001 1042; x_wconf 81' lang='lat' dir='ltr'><strong>inserendo,</strong></span> <span class='ocrx_word' id='word_1_44' title='bbox 1067 964 1205 1027; x_wconf 85' lang='lat' dir='ltr'><strong>sive</strong></span> <span class='ocrx_word' id='word_1_45' title='bbox 1271 961 1695 1028; x_wconf 80' lang='lat' dir='ltr'><strong>contrahendo</strong></span> <span class='ocrx_word' id='word_1_46' title='bbox 1758 982 1919 1047; x_wconf 89' lang='lat' dir='ltr'><strong>quae</strong></span> <span class='ocrx_word' id='word_1_47' title='bbox 1966 962 2258 1029; x_wconf 84' lang='lat' dir='ltr'><strong>elidenda</strong></span> <span class='ocrx_word' id='word_1_48' title='bbox 2304 969 2481 1030; x_wconf 81' lang='lat' dir='ltr'><strong>erant</strong></span> <span class='ocrx_word' id='word_1_49' title='bbox 2510 964 2585 1051; x_wconf 83' lang='lat'><strong>¹).</strong></span> <span class='ocrx_word' id='word_1_50' title='bbox 2640 964 2776 1030; x_wconf 85' lang='lat' dir='ltr'><strong>sive</strong></span> 
     </span>
     <span class='ocr_line' id='line_1_7' title="bbox 381 1067 2777 1156; baseline -0 -21"><span class='ocrx_word' id='word_1_51' title='bbox 381 1068 462 1135; x_wconf 88' lang='lat' dir='ltr'><strong>ad</strong></span> <span class='ocrx_word' id='word_1_52' title='bbox 508 1067 854 1135; x_wconf 82' lang='lat' dir='ltr'><strong>violentius</strong></span> <span class='ocrx_word' id='word_1_53' title='bbox 904 1070 1101 1133; x_wconf 87' lang='lat' dir='ltr'><strong>etiam</strong></span> <span class='ocrx_word' id='word_1_54' title='bbox 1149 1068 1504 1134; x_wconf 88' lang='lat' dir='ltr'><strong>remedium</strong></span> <span class='ocrx_word' id='word_1_55' title='bbox 1538 1068 1959 1156; x_wconf 79' lang='lat' dir='ltr'><strong>confugiendo</strong></span> <span class='ocrx_word' id='word_1_56' title='bbox 1982 1116 1997 1145; x_wconf 89' lang='lat'><em>,</em></span> <span class='ocrx_word' id='word_1_57' title='bbox 2042 1068 2229 1154; x_wconf 86' lang='lat' dir='ltr'><strong>quale</strong></span> <span class='ocrx_word' id='word_1_58' title='bbox 2266 1073 2366 1135; x_wconf 86' lang='lat' dir='ltr'><strong>est</strong></span> <span class='ocrx_word' id='word_1_59' title='bbox 2404 1067 2571 1134; x_wconf 89' lang='lat' dir='ltr'><strong>illud</strong></span> <span class='ocrx_word' id='word_1_60' title='bbox 2608 1069 2777 1155; x_wconf 88' lang='lat' dir='ltr'><strong>quod</strong></span> 
     </span>
     <span class='ocr_line' id='line_1_8' title="bbox 384 1172 1558 1260; baseline -0.002 -20"><span class='ocrx_word' id='word_1_61' title='bbox 384 1177 757 1260; x_wconf 83' lang='lat' dir='ltr'><strong>proponitur</strong></span> <span class='ocrx_word' id='word_1_62' title='bbox 803 1176 871 1238; x_wconf 91' lang='lat' dir='ltr'><strong>in</strong></span> <span class='ocrx_word' id='word_1_63' title='bbox 896 1172 1118 1239; x_wconf 67' lang='lat' dir='ltr'><strong>schol.</strong></span> <span class='ocrx_word' id='word_1_64' title='bbox 1165 1174 1244 1239; x_wconf 85' lang='lat' dir='ltr'><strong>ad</strong></span> <span class='ocrx_word' id='word_1_65' title='bbox 1295 1184 1339 1239; x_wconf 83' lang='grc' dir='ltr'>Ρ</span> <span class='ocrx_word' id='word_1_66' title='bbox 1391 1172 1558 1238; x_wconf 79' lang='lat'>324:</span> 
     </span>
    </p>

    <p class='ocr_par' dir='ltr' id='par_1_3' title="bbox 384 1278 2777 1474">
     <span class='ocr_line' id='line_1_9' title="bbox 477 1278 2777 1364; baseline 0.001 -20"><span class='ocrx_word' id='word_1_67' title='bbox 477 1280 684 1360; x_wconf 74' lang='grc' dir='ltr'><strong><em>κήρυκ’</em></strong></span> <span class='ocrx_word' id='word_1_68' title='bbox 747 1278 1086 1364; x_wconf 64' lang='grc' dir='ltr'><strong>Ἠπυτίδῃ]</strong></span> <span class='ocrx_word' id='word_1_69' title='bbox 1150 1279 1251 1345; x_wconf 75' lang='grc' dir='ltr'><strong>διὰ</strong></span> <span class='ocrx_word' id='word_1_70' title='bbox 1300 1278 1518 1360; x_wconf 78' lang='grc' dir='ltr'><strong><em>μέτρον</em></strong></span> <span class='ocrx_word' id='word_1_71' title='bbox 1565 1280 1951 1346; x_wconf 71' lang='grc' dir='ltr'><strong><em>συσταλτέον</em></strong></span> <span class='ocrx_word' id='word_1_72' title='bbox 1978 1280 2067 1346; x_wconf 81' lang='grc' dir='ltr'><strong>’τὸ</strong></span> <span class='ocrx_word' id='word_1_73' title='bbox 2116 1292 2223 1364; x_wconf 62' lang='lat' dir='ltr'><strong>jv,</strong></span> <span class='ocrx_word' id='word_1_74' title='bbox 2274 1284 2349 1345; x_wconf 89' lang='lat' dir='ltr'><strong>ut</strong></span> <span class='ocrx_word' id='word_1_75' title='bbox 2396 1279 2605 1361; x_wconf 77' lang='grc' dir='ltr'><strong><em>κῆρῦκι</em></strong></span> <span class='ocrx_word' id='word_1_76' title='bbox 2651 1283 2777 1347; x_wconf 83' lang='lat' dir='ltr'><strong>soi-</strong></span> 
     </span>
     <span class='ocr_line' id='line_1_10' title="bbox 384 1384 1830 1474; baseline 0 -23"><span class='ocrx_word' id='word_1_77' title='bbox 384 1386 538 1452; x_wconf 87' lang='lat' dir='ltr'><strong>licet</strong></span> <span class='ocrx_word' id='word_1_78' title='bbox 591 1388 964 1453; x_wconf 77' lang='lat' dir='ltr'><strong>recitaretur</strong></span> <span class='ocrx_word' id='word_1_79' title='bbox 1007 1389 1220 1472; x_wconf 87' lang='lat' dir='ltr'><strong>potius</strong></span> <span class='ocrx_word' id='word_1_80' title='bbox 1267 1406 1458 1472; x_wconf 86' lang='lat' dir='ltr'><strong>quam</strong></span> <span class='ocrx_word' id='word_1_81' title='bbox 1513 1387 1725 1467; x_wconf 70' lang='grc' dir='ltr'><strong><em>κήρῖικ*</em></strong></span> <span class='ocrx_word' id='word_1_82' title='bbox 1749 1384 1830 1474; x_wconf 77' lang='lat'><strong>⁸).</strong></span> 
     </span>
    </p>
   </div>
   <div class='ocr_carea' id='block_1_3' title="bbox 393 1530 782 1543">
    <p class='ocr_par' dir='ltr' id='par_1_4' title="bbox 393 1530 782 1543">
     <span class='ocr_line' id='line_1_11' title="bbox 393 1530 782 1543; baseline 0 3618"><span class='ocrx_word' id='word_1_83' title='bbox 393 1530 782 1543; x_wconf 95' lang='lat' dir='ltr'><strong> </strong></span> 
     </span>
    </p>
   </div>
   <div class='ocr_carea' id='block_1_4' title="bbox 385 1620 2861 1861">
    <p class='ocr_par' dir='ltr' id='par_1_5' title="bbox 385 1620 2861 1861">
     <span class='ocr_line' id='line_1_12' title="bbox 457 1620 2781 1688; baseline 0 -17"><span class='ocrx_word' id='word_1_84' title='bbox 457 1622 510 1687; x_wconf 87' lang='lat'><strong>1)</strong></span> <span class='ocrx_word' id='word_1_85' title='bbox 562 1622 640 1671; x_wconf 85' lang='lat' dir='ltr'><strong>Sie</strong></span> <span class='ocrx_word' id='word_1_86' title='bbox 685 1620 802 1671; x_wconf 85' lang='lat' dir='ltr'><strong>locis</strong></span> <span class='ocrx_word' id='word_1_87' title='bbox 845 1620 1060 1687; x_wconf 80' lang='lat' dir='ltr'><strong>gemellis</strong></span> <span class='ocrx_word' id='word_1_88' title='bbox 1103 1622 1246 1671; x_wconf 83' lang='lat' dir='ltr'><strong>modo</strong></span> <span class='ocrx_word' id='word_1_89' title='bbox 1287 1622 1507 1673; x_wconf 85' lang='lat' dir='ltr'><strong>indicatis</strong></span> <span class='ocrx_word' id='word_1_90' title='bbox 1552 1637 1575 1670; x_wconf 88' lang='grc' dir='ltr'><strong><em>ε</em></strong></span> <span class='ocrx_word' id='word_1_91' title='bbox 1622 1623 1720 1672; x_wconf 86' lang='grc'><strong>398</strong></span> <span class='ocrx_word' id='word_1_92' title='bbox 1767 1626 1816 1671; x_wconf 76' lang='lat' dir='ltr'><strong>et</strong></span> <span class='ocrx_word' id='word_1_93' title='bbox 1861 1636 1886 1669; x_wconf 97' lang='grc' dir='ltr'><strong><em>ν</em></strong></span> <span class='ocrx_word' id='word_1_94' title='bbox 1930 1624 1993 1672; x_wconf 90' lang='grc'><strong>35</strong></span> <span class='ocrx_word' id='word_1_95' title='bbox 2038 1622 2269 1671; x_wconf 89' lang='lat' dir='ltr'><strong>nonnulla</strong></span> <span class='ocrx_word' id='word_1_96' title='bbox 2318 1620 2645 1688; x_wconf 82' lang='lat' dir='ltr'><strong>manuscripta</strong></span> <span class='ocrx_word' id='word_1_97' title='bbox 2684 1638 2781 1671; x_wconf 89' lang='lat' dir='ltr'><strong>non</strong></span> 
     </span>
     <span class='ocr_line' id='line_1_13' title="bbox 385 1704 2861 1779; baseline 0 -18"><span class='ocrx_word' id='word_1_98' title='bbox 385 1704 591 1770; x_wconf 66' lang='grc' dir='ltr'><strong><em>Ὀδυσῆ’</em></strong></span> <span class='ocrx_word' id='word_1_99' title='bbox 637 1711 862 1761; x_wconf 82' lang='lat' dir='ltr'><strong>exhibent</strong></span> <span class='ocrx_word' id='word_1_100' title='bbox 905 1713 986 1762; x_wconf 82' lang='lat' dir='ltr'><strong>sed</strong></span> <span class='ocrx_word' id='word_1_101' title='bbox 1035 1706 1255 1769; x_wconf 77' lang='grc' dir='ltr'><strong><em>Ὀδυσεῖ,</em></strong></span> <span class='ocrx_word' id='word_1_102' title='bbox 1305 1712 1397 1761; x_wconf 82' lang='lat' dir='ltr'><strong>etsi</strong></span> <span class='ocrx_word' id='word_1_103' title='bbox 1431 1713 1680 1763; x_wconf 83' lang='lat' dir='ltr'><strong>nominum</strong></span> <span class='ocrx_word' id='word_1_104' title='bbox 1711 1713 1763 1763; x_wconf 89' lang='lat' dir='ltr'><strong>in</strong></span> <span class='ocrx_word' id='word_1_105' title='bbox 1798 1706 1901 1769; x_wconf 72' lang='grc' dir='ltr'><strong><em>-εός</em></strong></span> <span class='ocrx_word' id='word_1_106' title='bbox 1936 1726 2179 1777; x_wconf 85' lang='lat' dir='ltr'><strong>nunquam</strong></span> <span class='ocrx_word' id='word_1_107' title='bbox 2214 1711 2433 1762; x_wconf 75' lang='lat' dir='ltr'><strong>contrahi</strong></span> <span class='ocrx_word' id='word_1_108' title='bbox 2462 1710 2661 1762; x_wconf 85' lang='lat' dir='ltr'><strong>ultimas</strong></span> <span class='ocrx_word' id='word_1_109' title='bbox 2687 1712 2781 1776; x_wconf 78' lang='lat' dir='ltr'><strong>syl-</strong></span> <span class='ocrx_word' id='word_1_110' title='bbox 2854 1774 2861 1779; x_wconf 19' lang='lat' dir='ltr'>j</span> 
     </span>
     <span class='ocr_line' id='line_1_14' title="bbox 386 1795 1386 1861; baseline 0 -16"><span class='ocrx_word' id='word_1_111' title='bbox 386 1795 518 1845; x_wconf 78' lang='lat' dir='ltr'><strong>labae</strong></span> <span class='ocrx_word' id='word_1_112' title='bbox 551 1796 676 1861; x_wconf 83' lang='lat' dir='ltr'><strong>apud</strong></span> <span class='ocrx_word' id='word_1_113' title='bbox 711 1795 1005 1854; x_wconf 85' lang='lat' dir='ltr'><strong>Homerum,</strong></span> <span class='ocrx_word' id='word_1_114' title='bbox 1043 1810 1182 1844; x_wconf 89' lang='lat' dir='ltr'><strong>nemo</strong></span> <span class='ocrx_word' id='word_1_115' title='bbox 1217 1795 1386 1845; x_wconf 80' lang='lat' dir='ltr'><strong>nescit.</strong></span> 
     </span>
    </p>
   </div>
   <div class='ocr_carea' id='block_1_5' title="bbox 454 1884 2883 1956">
    <p class='ocr_par' dir='ltr' id='par_1_6' title="bbox 454 1884 2883 1956">
     <span class='ocr_line' id='line_1_15' title="bbox 454 1884 2883 1956; baseline -0 -21"><span class='ocrx_word' id='word_1_116' title='bbox 454 1887 610 1935; x_wconf 91' lang='lat' dir='ltr'><strong>Porro</strong></span> <span class='ocrx_word' id='word_1_117' title='bbox 655 1886 750 1935; x_wconf 87' lang='lat' dir='ltr'><strong>huc</strong></span> <span class='ocrx_word' id='word_1_118' title='bbox 793 1885 1037 1951; x_wconf 82' lang='lat' dir='ltr'><strong>pertinent</strong></span> <span class='ocrx_word' id='word_1_119' title='bbox 1086 1884 1364 1935; x_wconf 84' lang='lat' dir='ltr'><strong>creberrimi</strong></span> <span class='ocrx_word' id='word_1_120' title='bbox 1412 1886 1505 1935; x_wconf 86' lang='lat' dir='ltr'><strong>loci</strong></span> <span class='ocrx_word' id='word_1_121' title='bbox 1550 1886 1629 1937; x_wconf 91' lang='lat' dir='ltr'><strong>ubi</strong></span> <span class='ocrx_word' id='word_1_122' title='bbox 1674 1886 1925 1956; x_wconf 86' lang='lat' dir='ltr'><strong>nominum</strong></span> <span class='ocrx_word' id='word_1_123' title='bbox 1970 1886 2021 1936; x_wconf 91' lang='lat' dir='ltr'><strong>in</strong></span> <span class='ocrx_word' id='word_1_124' title='bbox 2066 1900 2141 1941; x_wconf 75' lang='lat' dir='ltr'><strong>-oc</strong></span> <span class='ocrx_word' id='word_1_125' title='bbox 2187 1885 2265 1935; x_wconf 79' lang='lat' dir='ltr'><strong>vel</strong></span> <span class='ocrx_word' id='word_1_126' title='bbox 2298 1900 2381 1941; x_wconf 77' lang='lat' dir='ltr'><strong>-ac</strong></span> <span class='ocrx_word' id='word_1_127' title='bbox 2417 1886 2607 1936; x_wconf 83' lang='lat' dir='ltr'><strong>dativus</strong></span> <span class='ocrx_word' id='word_1_128' title='bbox 2632 1885 2683 1937; x_wconf 88' lang='lat' dir='ltr'><strong>in</strong></span> <span class='ocrx_word' id='word_1_129' title='bbox 2717 1900 2784 1935; x_wconf 89' lang='grc' dir='ltr'><strong>-ει</strong></span> <span class='ocrx_word' id='word_1_130' title='bbox 2879 1924 2883 1929; x_wconf 92' lang='grc'><em>.</em></span> 
     </span>
    </p>
   </div>
   <div class='ocr_carea' id='block_1_6' title="bbox 387 1973 2785 2400">
    <p class='ocr_par' dir='ltr' id='par_1_7' title="bbox 387 1973 2785 2312">
     <span class='ocr_line' id='line_1_16' title="bbox 388 1973 2785 2042; baseline 0.001 -18"><span class='ocrx_word' id='word_1_131' title='bbox 388 1976 466 2025; x_wconf 78' lang='lat' dir='ltr'><strong>vel</strong></span> <span class='ocrx_word' id='word_1_132' title='bbox 508 1990 566 2040; x_wconf 75' lang='grc' dir='ltr'><strong>-ᾳ</strong></span> <span class='ocrx_word' id='word_1_133' title='bbox 613 1974 741 2024; x_wconf 86' lang='lat' dir='ltr'><strong>exire</strong></span> <span class='ocrx_word' id='word_1_134' title='bbox 773 1974 992 2035; x_wconf 57' lang='lat' dir='ltr'><strong>videtum</strong></span> <span class='ocrx_word' id='word_1_135' title='bbox 1028 1978 1301 2025; x_wconf 69' lang='lat' dir='ltr'><strong>constanter</strong></span> <span class='ocrx_word' id='word_1_136' title='bbox 1334 1974 1461 2025; x_wconf 89' lang='lat' dir='ltr'><strong>enim</strong></span> <span class='ocrx_word' id='word_1_137' title='bbox 1496 1973 1748 2025; x_wconf 85' lang='lat' dir='ltr'><strong>subiicitur</strong></span> <span class='ocrx_word' id='word_1_138' title='bbox 1781 1975 1960 2040; x_wconf 78' lang='lat' dir='ltr'><strong>syllaba</strong></span> <span class='ocrx_word' id='word_1_139' title='bbox 1995 1991 2024 2025; x_wconf 88' lang='lat' dir='ltr'><strong>a</strong></span> <span class='ocrx_word' id='word_1_140' title='bbox 2056 1976 2199 2027; x_wconf 85' lang='lat' dir='ltr'><strong>litera</strong></span> <span class='ocrx_word' id='word_1_141' title='bbox 2230 1975 2383 2025; x_wconf 82' lang='lat' dir='ltr'><strong>vocali</strong></span> <span class='ocrx_word' id='word_1_142' title='bbox 2414 1974 2661 2042; x_wconf 84' lang='lat' dir='ltr'><strong>incipiens.</strong></span> <span class='ocrx_word' id='word_1_143' title='bbox 2712 1976 2785 2026; x_wconf 84' lang='lat' dir='ltr'><strong>Ut</strong></span> 
     </span>
     <span class='ocr_line' id='line_1_17' title="bbox 389 2048 2782 2132; baseline 0 -19"><span class='ocrx_word' id='word_1_144' title='bbox 389 2079 486 2113; x_wconf 91' lang='lat' dir='ltr'><strong>uno</strong></span> <span class='ocrx_word' id='word_1_145' title='bbox 519 2062 735 2129; x_wconf 87' lang='lat' dir='ltr'><strong>exemplo</strong></span> <span class='ocrx_word' id='word_1_146' title='bbox 768 2064 1023 2127; x_wconf 73' lang='lat' dir='ltr'><strong>defungar,</strong></span> <span class='ocrx_word' id='word_1_147' title='bbox 1060 2062 1276 2113; x_wconf 83' lang='lat' dir='ltr'><strong>vocabuli</strong></span> <span class='ocrx_word' id='word_1_148' title='bbox 1311 2062 1610 2114; x_wconf 69' lang='lat' dir='ltr'><strong>usitatissimi</strong></span> <span class='ocrx_word' id='word_1_149' title='bbox 1643 2060 1804 2129; x_wconf 71' lang='grc' dir='ltr'><strong><em>’έγχοε</em></strong></span> <span class='ocrx_word' id='word_1_150' title='bbox 1838 2066 2026 2115; x_wconf 79' lang='lat' dir='ltr'><strong>dativus</strong></span> <span class='ocrx_word' id='word_1_151' title='bbox 2056 2066 2181 2132; x_wconf 88' lang='lat' dir='ltr'><strong>apud</strong></span> <span class='ocrx_word' id='word_1_152' title='bbox 2212 2048 2483 2117; x_wconf 68' lang='lat' dir='ltr'><strong>Homerum</strong></span> <span class='ocrx_word' id='word_1_153' title='bbox 2511 2067 2583 2115; x_wconf 82' lang='lat' dir='ltr'><strong>est</strong></span> <span class='ocrx_word' id='word_1_154' title='bbox 2598 2060 2782 2129; x_wconf 68' lang='lat' dir='ltr'><strong>&#39;byxs&#39;13</strong></span> 
     </span>
     <span class='ocr_line' id='line_1_18' title="bbox 387 2146 2780 2217; baseline 0.001 -16"><span class='ocrx_word' id='word_1_155' title='bbox 387 2152 468 2201; x_wconf 89' lang='lat' dir='ltr'><strong>sed</strong></span> <span class='ocrx_word' id='word_1_156' title='bbox 501 2146 653 2214; x_wconf 58' lang='grc' dir='ltr'><strong><em>ῧγχει</em></strong></span> <span class='ocrx_word' id='word_1_157' title='bbox 708 2150 966 2211; x_wconf 81' lang='lat' dir='ltr'><strong>(trochaice</strong></span> <span class='ocrx_word' id='word_1_158' title='bbox 1000 2150 1367 2213; x_wconf 67' lang='lat' dir='ltr'><strong>enunciandam)</strong></span> <span class='ocrx_word' id='word_1_159' title='bbox 1401 2152 1478 2201; x_wconf 80' lang='lat' dir='ltr'><strong>his</strong></span> <span class='ocrx_word' id='word_1_160' title='bbox 1513 2152 1628 2202; x_wconf 81' lang='lat' dir='ltr'><strong>locis</strong></span> <span class='ocrx_word' id='word_1_161' title='bbox 1663 2154 1864 2217; x_wconf 80' lang='lat' dir='ltr'><strong>legitur:</strong></span> <span class='ocrx_word' id='word_1_162' title='bbox 1902 2161 1947 2203; x_wconf 79' lang='lat' dir='ltr'>H</span> <span class='ocrx_word' id='word_1_163' title='bbox 1985 2154 2083 2204; x_wconf 89' lang='grc'><strong>289</strong></span> <span class='ocrx_word' id='word_1_164' title='bbox 2116 2150 2268 2217; x_wconf 63' lang='grc' dir='ltr'><strong><em>Κγχει</em></strong></span> <span class='ocrx_word' id='word_1_165' title='bbox 2310 2154 2556 2217; x_wconf 49' lang='lat' dir='ltr'><strong>’Axe-aem</strong></span> <span class='ocrx_word' id='word_1_166' title='bbox 2606 2161 2648 2204; x_wconf 75' lang='lat'><strong>1(</strong></span> <span class='ocrx_word' id='word_1_167' title='bbox 2684 2156 2780 2205; x_wconf 81' lang='lat'><strong>348</strong></span> 
     </span>
     <span class='ocr_line' id='line_1_19' title="bbox 388 2235 2781 2312; baseline 0.003 -23"><span class='ocrx_word' id='word_1_168' title='bbox 388 2235 542 2305; x_wconf 58' lang='grc' dir='ltr'><strong><em>ῧγχει</em></strong></span> <span class='ocrx_word' id='word_1_169' title='bbox 590 2236 861 2297; x_wconf 57' lang='lat' dir='ltr'><strong>&amp;valve-m,</strong></span> <span class='ocrx_word' id='word_1_170' title='bbox 913 2246 946 2289; x_wconf 72' lang='lat' dir='ltr'>B</span> <span class='ocrx_word' id='word_1_171' title='bbox 996 2242 1059 2287; x_wconf 88' lang='lat'><strong>38</strong></span> <span class='ocrx_word' id='word_1_172' title='bbox 1108 2236 1260 2304; x_wconf 74' lang='grc' dir='ltr'><strong><em>’έγχει</em></strong></span> <span class='ocrx_word' id='word_1_173' title='bbox 1309 2237 1587 2303; x_wconf 77' lang='grc' dir='ltr'><strong><em>ἐρειδόμενοι</em></strong></span> <span class='ocrx_word' id='word_1_174' title='bbox 1603 2282 1618 2301; x_wconf 89' lang='grc'><strong>,</strong></span> <span class='ocrx_word' id='word_1_175' title='bbox 1668 2247 1701 2293; x_wconf 75' lang='grc' dir='ltr'><strong><em>Ξ</em></strong></span> <span class='ocrx_word' id='word_1_176' title='bbox 1750 2246 1850 2293; x_wconf 81' lang='lat'><strong>403</strong></span> <span class='ocrx_word' id='word_1_177' title='bbox 1888 2240 2039 2308; x_wconf 71' lang='grc' dir='ltr'><strong><em>’έγχει</em></strong></span> <span class='ocrx_word' id='word_1_178' title='bbox 2078 2238 2215 2303; x_wconf 70' lang='grc' dir='ltr'><strong><em>ἐπεὶ,</em></strong></span> <span class='ocrx_word' id='word_1_179' title='bbox 2254 2248 2286 2294; x_wconf 69' lang='grc' dir='ltr'><strong>Β</strong></span> <span class='ocrx_word' id='word_1_180' title='bbox 2324 2247 2424 2295; x_wconf 80' lang='grc'><strong>483</strong></span> <span class='ocrx_word' id='word_1_181' title='bbox 2463 2242 2616 2312; x_wconf 57' lang='grc' dir='ltr'><strong><em>ῧγχει</em></strong></span> <span class='ocrx_word' id='word_1_182' title='bbox 2651 2241 2781 2310; x_wconf 69' lang='grc' dir='ltr'><strong>ἔμᾷ,</strong></span> 
     </span>
    </p>

    <p class='ocr_par' dir='ltr' id='par_1_8' title="bbox 389 2325 2783 2400">
     <span class='ocr_line' id='line_1_20' title="bbox 389 2325 2783 2400; baseline 0.002 -21"><span class='ocrx_word' id='word_1_183' title='bbox 389 2336 424 2379; x_wconf 83' lang='grc' dir='ltr'>Ρ</span> <span class='ocrx_word' id='word_1_184' title='bbox 463 2332 560 2379; x_wconf 73' lang='grc'><strong>465</strong></span> <span class='ocrx_word' id='word_1_185' title='bbox 599 2326 755 2393; x_wconf 82' lang='grc' dir='ltr'><strong><em>’έγχει</em></strong></span> <span class='ocrx_word' id='word_1_186' title='bbox 792 2325 1113 2392; x_wconf 68' lang='grc' dir='ltr'><strong>ἓφορμᾶσθαι,</strong></span> <span class='ocrx_word' id='word_1_187' title='bbox 1148 2338 1193 2379; x_wconf 88' lang='grc' dir='ltr'>Τ</span> <span class='ocrx_word' id='word_1_188' title='bbox 1229 2332 1296 2381; x_wconf 81' lang='lat'><strong>49</strong></span> <span class='ocrx_word' id='word_1_189' title='bbox 1333 2326 1486 2394; x_wconf 68' lang='grc' dir='ltr'><strong><em>’έγχει</em></strong></span> <span class='ocrx_word' id='word_1_190' title='bbox 1525 2328 1827 2395; x_wconf 72' lang='grc' dir='ltr'><strong><em>ἐρειδομένω,</em></strong></span> <span class='ocrx_word' id='word_1_191' title='bbox 1865 2342 1910 2383; x_wconf 88' lang='grc' dir='ltr'>Τ</span> <span class='ocrx_word' id='word_1_192' title='bbox 1948 2333 2046 2383; x_wconf 88' lang='grc'><strong>218</strong></span> <span class='ocrx_word' id='word_1_193' title='bbox 2087 2329 2239 2397; x_wconf 71' lang='grc' dir='ltr'><strong><em>’έγχει</em></strong></span> <span class='ocrx_word' id='word_1_194' title='bbox 2277 2334 2411 2395; x_wconf 58' lang='lat' dir='ltr'><strong>byn),</strong></span> <span class='ocrx_word' id='word_1_195' title='bbox 2442 2352 2473 2385; x_wconf 81' lang='grc' dir='ltr'><strong><em>κ</em></strong></span> <span class='ocrx_word' id='word_1_196' title='bbox 2506 2334 2601 2387; x_wconf 81' lang='grc'><strong>170</strong></span> <span class='ocrx_word' id='word_1_197' title='bbox 2630 2331 2783 2400; x_wconf 60' lang='grc' dir='ltr'><strong><em>’ἄγχει</em></strong></span> 
     </span>
    </p>
   </div>
   <div class='ocr_carea' id='block_1_7' title="bbox 390 2414 2781 2569">
    <p class='ocr_par' dir='ltr' id='par_1_9' title="bbox 390 2414 2781 2569">
     <span class='ocr_line' id='line_1_21' title="bbox 390 2414 2781 2489; baseline 0.003 -21"><span class='ocrx_word' id='word_1_198' title='bbox 390 2415 706 2482; x_wconf 71' lang='grc' dir='ltr'><strong><em>ὃρειδόμενος,</em></strong></span> <span class='ocrx_word' id='word_1_199' title='bbox 756 2414 786 2479; x_wconf 78' lang='grc' dir='ltr'>ξ</span> <span class='ocrx_word' id='word_1_200' title='bbox 830 2420 930 2469; x_wconf 83' lang='grc'><strong>220</strong></span> <span class='ocrx_word' id='word_1_201' title='bbox 977 2415 1130 2484; x_wconf 60' lang='grc' dir='ltr'><strong><em>ἵγχει</em></strong></span> <span class='ocrx_word' id='word_1_202' title='bbox 1168 2420 1381 2469; x_wconf 51' lang='lat' dir='ltr'><strong>&amp;Menov-</strong></span> <span class='ocrx_word' id='word_1_203' title='bbox 1433 2422 1558 2471; x_wconf 81' lang='lat' dir='ltr'><strong>Satis</strong></span> <span class='ocrx_word' id='word_1_204' title='bbox 1591 2426 1791 2488; x_wconf 81' lang='lat' dir='ltr'><strong>apparet</strong></span> <span class='ocrx_word' id='word_1_205' title='bbox 1824 2424 1999 2488; x_wconf 86' lang='lat' dir='ltr'><strong>igitur,</strong></span> <span class='ocrx_word' id='word_1_206' title='bbox 2036 2439 2131 2473; x_wconf 87' lang='lat' dir='ltr'><strong>uon</strong></span> <span class='ocrx_word' id='word_1_207' title='bbox 2167 2420 2231 2484; x_wconf 77' lang='grc' dir='ltr'><strong>έγ</strong></span> <span class='ocrx_word' id='word_1_208' title='bbox 2233 2441 2320 2488; x_wconf 87' lang='grc' dir='ltr'><strong>χει</strong></span> <span class='ocrx_word' id='word_1_209' title='bbox 2357 2426 2439 2474; x_wconf 80' lang='lat' dir='ltr'><strong>sed</strong></span> <span class='ocrx_word' id='word_1_210' title='bbox 2472 2422 2625 2489; x_wconf 50' lang='lat' dir='ltr'><strong>fflyxs&#39;</strong></span> <span class='ocrx_word' id='word_1_211' title='bbox 2664 2426 2781 2476; x_wconf 83' lang='lat' dir='ltr'><strong>olim</strong></span> 
     </span>
     <span class='ocr_line' id='line_1_22' title="bbox 393 2502 1865 2569; baseline 0.001 -16"><span class='ocrx_word' id='word_1_212' title='bbox 393 2502 536 2553; x_wconf 75' lang='lat' dir='ltr'><strong>fuisse</strong></span> <span class='ocrx_word' id='word_1_213' title='bbox 569 2502 966 2569; x_wconf 71' lang='lat' dir='ltr'><strong>pronunciatum,</strong></span> <span class='ocrx_word' id='word_1_214' title='bbox 1007 2518 1158 2568; x_wconf 84' lang='lat' dir='ltr'><strong>neque</strong></span> <span class='ocrx_word' id='word_1_215' title='bbox 1192 2502 1510 2554; x_wconf 66' lang='lat' dir='ltr'><strong>dubitaverim</strong></span> <span class='ocrx_word' id='word_1_216' title='bbox 1541 2504 1614 2554; x_wconf 88' lang='lat' dir='ltr'><strong>ita</strong></span> <span class='ocrx_word' id='word_1_217' title='bbox 1647 2505 1865 2554; x_wconf 82' lang='lat' dir='ltr'><strong>scribere.</strong></span> 
     </span>
    </p>
   </div>
   <div class='ocr_carea' id='block_1_8' title="bbox 461 2586 2783 2653">
    <p class='ocr_par' dir='ltr' id='par_1_10' title="bbox 461 2586 2783 2653">
     <span class='ocr_line' id='line_1_23' title="bbox 461 2586 2783 2653; baseline 0.003 -17"><span class='ocrx_word' id='word_1_218' title='bbox 461 2587 656 2637; x_wconf 80' lang='lat' dir='ltr'><strong>Dudum</strong></span> <span class='ocrx_word' id='word_1_219' title='bbox 688 2586 778 2635; x_wconf 89' lang='lat' dir='ltr'><strong>hoc</strong></span> <span class='ocrx_word' id='word_1_220' title='bbox 809 2588 980 2636; x_wconf 90' lang='lat' dir='ltr'><strong>notum</strong></span> <span class='ocrx_word' id='word_1_221' title='bbox 1013 2601 1112 2636; x_wconf 72' lang='lat' dir='ltr'><strong>oese</strong></span> <span class='ocrx_word' id='word_1_222' title='bbox 1145 2591 1396 2653; x_wconf 82' lang='lat' dir='ltr'><strong>putarem,</strong></span> <span class='ocrx_word' id='word_1_223' title='bbox 1431 2588 1523 2638; x_wconf 88' lang='lat' dir='ltr'><strong>nisi</strong></span> <span class='ocrx_word' id='word_1_224' title='bbox 1559 2589 1871 2639; x_wconf 80' lang='lat' dir='ltr'><strong>novissimum</strong></span> <span class='ocrx_word' id='word_1_225' title='bbox 1902 2591 2031 2640; x_wconf 82' lang='lat' dir='ltr'><strong>certe</strong></span> <span class='ocrx_word' id='word_1_226' title='bbox 2060 2590 2227 2640; x_wconf 84' lang='lat' dir='ltr'><strong>Iliadis</strong></span> <span class='ocrx_word' id='word_1_227' title='bbox 2255 2591 2486 2643; x_wconf 83' lang='lat' dir='ltr'><strong>editorem</strong></span> <span class='ocrx_word' id='word_1_228' title='bbox 2517 2591 2783 2644; x_wconf 74' lang='lat' dir='ltr'><strong>Christian</strong></span> 
     </span>
    </p>
   </div>
   <div class='ocr_carea' id='block_1_9' title="bbox 391 2669 2782 2816">
    <p class='ocr_par' dir='ltr' id='par_1_11' title="bbox 391 2669 2782 2816">
     <span class='ocr_line' id='line_1_24' title="bbox 395 2669 2782 2740; baseline 0.002 -20"><span class='ocrx_word' id='word_1_229' title='bbox 395 2671 446 2720; x_wconf 91' lang='lat' dir='ltr'><strong>id</strong></span> <span class='ocrx_word' id='word_1_230' title='bbox 481 2671 652 2728; x_wconf 86' lang='lat' dir='ltr'><strong>latere,</strong></span> <span class='ocrx_word' id='word_1_231' title='bbox 690 2684 747 2718; x_wconf 87' lang='lat' dir='ltr'><strong>ex</strong></span> <span class='ocrx_word' id='word_1_232' title='bbox 781 2669 882 2718; x_wconf 84' lang='lat' dir='ltr'><strong>eius</strong></span> <span class='ocrx_word' id='word_1_233' title='bbox 916 2669 1276 2734; x_wconf 82' lang='lat' dir='ltr'><strong>Prolegomenis</strong></span> <span class='ocrx_word' id='word_1_234' title='bbox 1313 2669 1444 2736; x_wconf 84' lang='lat' dir='ltr'><strong>(pag.</strong></span> <span class='ocrx_word' id='word_1_235' title='bbox 1483 2669 1604 2736; x_wconf 86' lang='grc'><strong>173)</strong></span> <span class='ocrx_word' id='word_1_236' title='bbox 1640 2669 1980 2736; x_wconf 77' lang='lat' dir='ltr'><strong>intelligerem.</strong></span> <span class='ocrx_word' id='word_1_237' title='bbox 2034 2673 2342 2740; x_wconf 74' lang='lat' dir='ltr'><strong>Quapropter</strong></span> <span class='ocrx_word' id='word_1_238' title='bbox 2376 2674 2611 2724; x_wconf 71' lang='lat' dir='ltr'><strong>indicetne</strong></span> <span class='ocrx_word' id='word_1_239' title='bbox 2639 2679 2782 2726; x_wconf 86' lang='lat' dir='ltr'><strong>sunto</strong></span> 
     </span>
     <span class='ocr_line' id='line_1_25' title="bbox 391 2751 1909 2816; baseline -0.001 -13"><span class='ocrx_word' id='word_1_240' title='bbox 391 2752 442 2803; x_wconf 90' lang='lat' dir='ltr'><strong>in</strong></span> <span class='ocrx_word' id='word_1_241' title='bbox 476 2753 564 2802; x_wconf 86' lang='lat' dir='ltr'><strong>hac</strong></span> <span class='ocrx_word' id='word_1_242' title='bbox 599 2751 908 2801; x_wconf 68' lang='lat' dir='ltr'><strong>adnotatione</strong></span> <span class='ocrx_word' id='word_1_243' title='bbox 945 2766 1120 2816; x_wconf 81' lang='lat' dir='ltr'><strong>paucae</strong></span> <span class='ocrx_word' id='word_1_244' title='bbox 1154 2752 1454 2814; x_wconf 74' lang='lat' dir='ltr'><strong>exceptiones</strong></span> <span class='ocrx_word' id='word_1_245' title='bbox 1485 2767 1602 2816; x_wconf 88' lang='lat' dir='ltr'><strong>quas</strong></span> <span class='ocrx_word' id='word_1_246' title='bbox 1642 2751 1909 2802; x_wconf 79' lang='lat' dir='ltr'><strong>observavi:</strong></span> 
     </span>
    </p>
   </div>
   <div class='ocr_carea' id='block_1_10' title="bbox 392 2837 2793 3529">
    <p class='ocr_par' dir='ltr' id='par_1_12' title="bbox 471 2837 2783 2908">
     <span class='ocr_line' id='line_1_26' title="bbox 471 2837 2783 2908; baseline 0.003 -18"><span class='ocrx_word' id='word_1_247' title='bbox 471 2837 592 2892; x_wconf 65' lang='grc' dir='ltr'><strong><em>οὔδει</em></strong></span> <span class='ocrx_word' id='word_1_248' title='bbox 639 2847 692 2890; x_wconf 84' lang='grc' dir='ltr'><strong>Ω.</strong></span> <span class='ocrx_word' id='word_1_249' title='bbox 745 2839 859 2892; x_wconf 80' lang='grc'><strong>527,</strong></span> <span class='ocrx_word' id='word_1_250' title='bbox 895 2845 931 2888; x_wconf 78' lang='lat' dir='ltr'>E</span> <span class='ocrx_word' id='word_1_251' title='bbox 966 2838 1080 2900; x_wconf 78' lang='lat'><strong>734,</strong></span> <span class='ocrx_word' id='word_1_252' title='bbox 1115 2848 1161 2890; x_wconf 83' lang='grc' dir='ltr'>Θ</span> <span class='ocrx_word' id='word_1_253' title='bbox 1197 2841 1311 2900; x_wconf 81' lang='grc'><strong>385,</strong></span> <span class='ocrx_word' id='word_1_254' title='bbox 1346 2849 1390 2890; x_wconf 89' lang='lat' dir='ltr'><strong>&#39;r</strong></span> <span class='ocrx_word' id='word_1_255' title='bbox 1425 2841 1506 2899; x_wconf 87' lang='grc'><strong>92,</strong></span> <span class='ocrx_word' id='word_1_256' title='bbox 1541 2846 1584 2890; x_wconf 68' lang='grc' dir='ltr'>Ψ</span> <span class='ocrx_word' id='word_1_257' title='bbox 1631 2842 1751 2901; x_wconf 86' lang='grc'><strong>719;</strong></span> <span class='ocrx_word' id='word_1_258' title='bbox 1789 2857 1846 2891; x_wconf 87' lang='lat' dir='ltr'><strong>ex</strong></span> <span class='ocrx_word' id='word_1_259' title='bbox 1880 2841 2052 2906; x_wconf 85' lang='lat' dir='ltr'><strong>quibus</strong></span> <span class='ocrx_word' id='word_1_260' title='bbox 2084 2843 2293 2908; x_wconf 82' lang='lat' dir='ltr'><strong>quinque</strong></span> <span class='ocrx_word' id='word_1_261' title='bbox 2325 2844 2443 2894; x_wconf 88' lang='lat' dir='ltr'><strong>locis</strong></span> <span class='ocrx_word' id='word_1_262' title='bbox 2473 2845 2567 2895; x_wconf 87' lang='lat' dir='ltr'><strong>duo</strong></span> <span class='ocrx_word' id='word_1_263' title='bbox 2599 2847 2783 2904; x_wconf 79' lang='lat' dir='ltr'><strong>tamen,</strong></span> 
     </span>
    </p>

    <p class='ocr_par' dir='ltr' id='par_1_13' title="bbox 393 2924 2255 3077">
     <span class='ocr_line' id='line_1_27' title="bbox 393 2924 2199 2990; baseline -0.003 -9"><span class='ocrx_word' id='word_1_264' title='bbox 393 2939 432 2981; x_wconf 81' lang='lat' dir='ltr'><strong>E</strong></span> <span class='ocrx_word' id='word_1_265' title='bbox 466 2932 563 2985; x_wconf 79' lang='lat'><strong>784</strong></span> <span class='ocrx_word' id='word_1_266' title='bbox 596 2935 644 2981; x_wconf 82' lang='lat' dir='ltr'><strong>et</strong></span> <span class='ocrx_word' id='word_1_267' title='bbox 678 2937 724 2979; x_wconf 84' lang='grc' dir='ltr'>Θ</span> <span class='ocrx_word' id='word_1_268' title='bbox 767 2931 882 2985; x_wconf 90' lang='grc'><strong>385,</strong></span> <span class='ocrx_word' id='word_1_269' title='bbox 919 2924 1172 2976; x_wconf 81' lang='lat' dir='ltr'><strong>verborum</strong></span> <span class='ocrx_word' id='word_1_270' title='bbox 1209 2924 1578 2989; x_wconf 70' lang='lat' dir='ltr'><strong>transpositione</strong></span> <span class='ocrx_word' id='word_1_271' title='bbox 1611 2924 1750 2974; x_wconf 76' lang='lat' dir='ltr'><strong>facile</strong></span> <span class='ocrx_word' id='word_1_272' title='bbox 1782 2924 1941 2974; x_wconf 86' lang='lat' dir='ltr'><strong>sanari</strong></span> <span class='ocrx_word' id='word_1_273' title='bbox 1974 2928 2199 2990; x_wconf 80' lang='lat' dir='ltr'><strong>possunt:</strong></span> 
     </span>
     <span class='ocr_line' id='line_1_28' title="bbox 928 3008 2255 3077; baseline -0.002 -12"><span class='ocrx_word' id='word_1_274' title='bbox 928 3012 1116 3065; x_wconf 70' lang='grc' dir='ltr'><strong><em>πέπλον</em></strong></span> <span class='ocrx_word' id='word_1_275' title='bbox 1155 3011 1244 3075; x_wconf 66' lang='grc' dir='ltr'><strong>μὶν</strong></span> <span class='ocrx_word' id='word_1_276' title='bbox 1279 3010 1553 3077; x_wconf 74' lang='grc' dir='ltr'><strong><em>κατέχευεν</em></strong></span> <span class='ocrx_word' id='word_1_277' title='bbox 1589 3009 1721 3062; x_wconf 59' lang='lat' dir='ltr'><strong>{arev</strong></span> <span class='ocrx_word' id='word_1_278' title='bbox 1758 3012 1942 3075; x_wconf 70' lang='grc' dir='ltr'><strong><em>πατρὸς</em></strong></span> <span class='ocrx_word' id='word_1_279' title='bbox 1982 3008 2061 3062; x_wconf 70' lang='grc' dir='ltr'><strong>ἔτ’</strong></span> <span class='ocrx_word' id='word_1_280' title='bbox 2102 3009 2255 3074; x_wconf 60' lang='grc' dir='ltr'><strong><em>οὔδει,</em></strong></span> 
     </span>
    </p>

    <p class='ocr_par' dir='ltr' id='par_1_14' title="bbox 392 3097 2787 3267">
     <span class='ocr_line' id='line_1_29' title="bbox 392 3097 2787 3177; baseline -0.004 -16"><span class='ocrx_word' id='word_1_281' title='bbox 392 3113 576 3177; x_wconf 88' lang='lat' dir='ltr'><strong>corrige</strong></span> <span class='ocrx_word' id='word_1_282' title='bbox 611 3108 800 3160; x_wconf 70' lang='grc' dir='ltr'><strong><em>πέπλον</em></strong></span> <span class='ocrx_word' id='word_1_283' title='bbox 835 3105 924 3169; x_wconf 66' lang='grc' dir='ltr'><strong>μὶν</strong></span> <span class='ocrx_word' id='word_1_284' title='bbox 966 3104 1126 3154; x_wconf 64' lang='grc' dir='ltr'><strong><em>καινὸν</em></strong></span> <span class='ocrx_word' id='word_1_285' title='bbox 1161 3100 1435 3166; x_wconf 74' lang='grc' dir='ltr'><strong><em>κατέχευεν</em></strong></span> <span class='ocrx_word' id='word_1_286' title='bbox 1473 3097 1552 3152; x_wconf 68' lang='grc' dir='ltr'><strong>ἔπ’</strong></span> <span class='ocrx_word' id='word_1_287' title='bbox 1595 3099 1726 3152; x_wconf 62' lang='lat' dir='ltr'><strong>ovas?</strong></span> <span class='ocrx_word' id='word_1_288' title='bbox 1766 3105 1951 3166; x_wconf 71' lang='grc' dir='ltr'><strong><em>πατρός</em></strong></span> <span class='ocrx_word' id='word_1_289' title='bbox 1968 3142 1983 3162; x_wconf 83' lang='grc'><strong>,</strong></span> <span class='ocrx_word' id='word_1_290' title='bbox 2032 3107 2088 3152; x_wconf 89' lang='lat' dir='ltr'><strong>ut</strong></span> <span class='ocrx_word' id='word_1_291' title='bbox 2120 3103 2264 3153; x_wconf 85' lang='lat' dir='ltr'><strong>simul</strong></span> <span class='ocrx_word' id='word_1_292' title='bbox 2298 3103 2442 3170; x_wconf 85' lang='lat' dir='ltr'><strong>alpha</strong></span> <span class='ocrx_word' id='word_1_293' title='bbox 2474 3103 2527 3152; x_wconf 88' lang='lat' dir='ltr'><strong>in</strong></span> <span class='ocrx_word' id='word_1_294' title='bbox 2559 3103 2787 3153; x_wconf 80' lang='lat' dir='ltr'><strong>vocabulo</strong></span> 
     </span>
     <span class='ocr_line' id='line_1_30' title="bbox 399 3191 2598 3267; baseline -0.004 -17"><span class='ocrx_word' id='word_1_295' title='bbox 399 3200 556 3250; x_wconf 71' lang='grc' dir='ltr'><strong><em>πανὸν</em></strong></span> <span class='ocrx_word' id='word_1_296' title='bbox 589 3200 768 3267; x_wconf 84' lang='lat' dir='ltr'><strong>corripi</strong></span> <span class='ocrx_word' id='word_1_297' title='bbox 805 3197 970 3265; x_wconf 81' lang='lat' dir='ltr'><strong>possit.</strong></span> <span class='ocrx_word' id='word_1_298' title='bbox 1024 3196 1277 3244; x_wconf 75' lang='lat' dir='ltr'><strong>Caeterum</strong></span> <span class='ocrx_word' id='word_1_299' title='bbox 1312 3197 1514 3259; x_wconf 85' lang='lat' dir='ltr'><strong>uterque</strong></span> <span class='ocrx_word' id='word_1_300' title='bbox 1553 3209 1714 3244; x_wconf 76' lang='lat' dir='ltr'><strong>versus</strong></span> <span class='ocrx_word' id='word_1_301' title='bbox 1749 3193 2083 3243; x_wconf 77' lang='lat' dir='ltr'><strong>Alexandrinis</strong></span> <span class='ocrx_word' id='word_1_302' title='bbox 2112 3193 2302 3258; x_wconf 84' lang='lat' dir='ltr'><strong>spurius</strong></span> <span class='ocrx_word' id='word_1_303' title='bbox 2334 3191 2598 3242; x_wconf 83' lang='lat' dir='ltr'><strong>videbatur.</strong></span> 
     </span>
    </p>

    <p class='ocr_par' dir='ltr' id='par_1_15' title="bbox 399 3275 2789 3446">
     <span class='ocr_line' id='line_1_31' title="bbox 465 3275 2789 3404; baseline -0.005 -62"><span class='ocrx_word' id='word_1_304' title='bbox 465 3294 619 3342; x_wconf 88' lang='lat' dir='ltr'><strong>Porro</strong></span> <span class='ocrx_word' id='word_1_305' title='bbox 662 3291 840 3356; x_wconf 83' lang='lat' dir='ltr'><strong>legitur</strong></span> <span class='ocrx_word' id='word_1_306' title='bbox 882 3283 1094 3346; x_wconf 69' lang='grc' dir='ltr'><strong><em>πελάγει</em></strong></span> <span class='ocrx_word' id='word_1_307' title='bbox 1144 3299 1184 3344; x_wconf 80' lang='grc' dir='ltr'><em>γ</em></span> <span class='ocrx_word' id='word_1_308' title='bbox 1239 3284 1299 3333; x_wconf 92' lang='grc'><strong>91</strong></span> <span class='ocrx_word' id='word_1_309' title='bbox 1352 3284 1502 3348; x_wconf 80' lang='lat' dir='ltr'><strong>(forte</strong></span> <span class='ocrx_word' id='word_1_310' title='bbox 1548 3275 1767 3348; x_wconf 70' lang='grc' dir='ltr'><strong>πόντῳ),</strong></span> <span class='ocrx_word' id='word_1_311' title='bbox 1814 3281 1927 3345; x_wconf 78' lang='grc' dir='ltr'><strong><em>φάει</em></strong></span> <span class='ocrx_word' id='word_1_312' title='bbox 1980 3290 2015 3332; x_wconf 82' lang='lat' dir='ltr'>P</span> <span class='ocrx_word' id='word_1_313' title='bbox 2067 3282 2183 3344; x_wconf 81' lang='grc'><strong>647,</strong></span> <span class='ocrx_word' id='word_1_314' title='bbox 2218 3281 2384 3346; x_wconf 76' lang='grc' dir='ltr'><strong><em>τείχει</em></strong></span> <span class='ocrx_word' id='word_1_315' title='bbox 2423 3288 2467 3331; x_wconf 79' lang='lat' dir='ltr'>X</span> <span class='ocrx_word' id='word_1_316' title='bbox 2506 3283 2605 3333; x_wconf 87' lang='grc'><strong>299</strong></span> <span class='ocrx_word' id='word_1_317' title='bbox 2640 3281 2789 3404; x_wconf 75' lang='lat' dir='ltr'><strong>(forte</strong></span> 
     </span>
     <span class='ocr_line' id='line_1_32' title="bbox 399 3373 1376 3446; baseline -0.011 -14"><span class='ocrx_word' id='word_1_318' title='bbox 399 3379 602 3446; x_wconf 55' lang='grc' dir='ltr'><strong>πόρνῃ</strong></span> <span class='ocrx_word' id='word_1_319' title='bbox 634 3379 742 3429; x_wconf 85' lang='lat' dir='ltr'><strong>vide</strong></span> <span class='ocrx_word' id='word_1_320' title='bbox 779 3393 877 3426; x_wconf 82' lang='lat' dir='ltr'><strong>var.</strong></span> <span class='ocrx_word' id='word_1_321' title='bbox 913 3375 1023 3424; x_wconf 88' lang='lat' dir='ltr'><strong>lect.</strong></span> <span class='ocrx_word' id='word_1_322' title='bbox 1057 3376 1118 3424; x_wconf 88' lang='lat' dir='ltr'><strong>ad</strong></span> <span class='ocrx_word' id='word_1_323' title='bbox 1151 3379 1204 3422; x_wconf 84' lang='grc' dir='ltr'><strong>Μ</strong></span> <span class='ocrx_word' id='word_1_324' title='bbox 1237 3373 1376 3437; x_wconf 79' lang='grc'><strong>333).</strong></span> 
     </span>
    </p>

    <p class='ocr_par' dir='ltr' id='par_1_16' title="bbox 466 3455 2793 3529">
     <span class='ocr_line' id='line_1_33' title="bbox 466 3455 2793 3529; baseline -0.005 -9"><span class='ocrx_word' id='word_1_325' title='bbox 466 3472 564 3520; x_wconf 87' lang='lat' dir='ltr'><strong>Pro</strong></span> <span class='ocrx_word' id='word_1_326' title='bbox 603 3464 661 3518; x_wconf 75' lang='lat'><strong>015</strong></span> <span class='ocrx_word' id='word_1_327' title='bbox 687 3485 742 3516; x_wconf 85' lang='grc' dir='ltr'><strong><em>τι</em></strong></span> <span class='ocrx_word' id='word_1_328' title='bbox 773 3462 931 3529; x_wconf 77' lang='grc' dir='ltr'><strong><em>τάχει</em></strong></span> <span class='ocrx_word' id='word_1_329' title='bbox 961 3478 1027 3524; x_wconf 79' lang='grc' dir='ltr'><strong><em>γε</em></strong></span> <span class='ocrx_word' id='word_1_330' title='bbox 1045 3469 1100 3512; x_wconf 76' lang='grc' dir='ltr'>Ψ</span> <span class='ocrx_word' id='word_1_331' title='bbox 1141 3465 1236 3514; x_wconf 88' lang='grc'><strong>515</strong></span> <span class='ocrx_word' id='word_1_332' title='bbox 1266 3477 1363 3512; x_wconf 92' lang='lat' dir='ltr'><strong>non</strong></span> <span class='ocrx_word' id='word_1_333' title='bbox 1392 3459 1557 3511; x_wconf 85' lang='lat' dir='ltr'><strong>dubito</strong></span> <span class='ocrx_word' id='word_1_334' title='bbox 1584 3461 1734 3524; x_wconf 82' lang='lat' dir='ltr'><strong>quin,</strong></span> <span class='ocrx_word' id='word_1_335' title='bbox 1761 3460 1917 3510; x_wconf 82' lang='lat' dir='ltr'><strong>deleto</strong></span> <span class='ocrx_word' id='word_1_336' title='bbox 1950 3477 2035 3518; x_wconf 86' lang='grc' dir='ltr'><strong>τι,</strong></span> <span class='ocrx_word' id='word_1_337' title='bbox 2071 3460 2323 3526; x_wconf 69' lang='lat' dir='ltr'><strong>legendum</strong></span> <span class='ocrx_word' id='word_1_338' title='bbox 2352 3460 2415 3510; x_wconf 85' lang='lat' dir='ltr'><strong>sit</strong></span> <span class='ocrx_word' id='word_1_339' title='bbox 2449 3456 2503 3508; x_wconf 74' lang='grc' dir='ltr'><strong>οὗ</strong></span> <span class='ocrx_word' id='word_1_340' title='bbox 2522 3455 2793 3524; x_wconf 60' lang='grc' dir='ltr'><strong><em>τάχεΐγε,</em></strong></span> 
     </span>
    </p>
   </div>
   <div class='ocr_carea' id='block_1_11' title="bbox 403 3547 2797 3794">
    <p class='ocr_par' dir='ltr' id='par_1_17' title="bbox 403 3547 2797 3794">
     <span class='ocr_line' id='line_1_34' title="bbox 403 3547 1823 3624; baseline -0.009 -15"><span class='ocrx_word' id='word_1_341' title='bbox 403 3563 451 3609; x_wconf 82' lang='lat' dir='ltr'><strong>et</strong></span> <span class='ocrx_word' id='word_1_342' title='bbox 485 3567 521 3609; x_wconf 87' lang='lat' dir='ltr'>z</span> <span class='ocrx_word' id='word_1_343' title='bbox 559 3560 653 3610; x_wconf 87' lang='grc'><strong>126</strong></span> <span class='ocrx_word' id='word_1_344' title='bbox 689 3572 777 3624; x_wconf 88' lang='lat' dir='ltr'><strong>pro</strong></span> <span class='ocrx_word' id='word_1_345' title='bbox 812 3551 882 3618; x_wconf 72' lang='grc' dir='ltr'><strong>σῷ</strong></span> <span class='ocrx_word' id='word_1_346' title='bbox 921 3551 1080 3617; x_wconf 71' lang='grc' dir='ltr'><strong><em>θάρσει</em></strong></span> <span class='ocrx_word' id='word_1_347' title='bbox 1117 3553 1256 3613; x_wconf 73' lang='lat' dir='ltr'><strong>longe</strong></span> <span class='ocrx_word' id='word_1_348' title='bbox 1291 3552 1502 3618; x_wconf 84' lang='lat' dir='ltr'><strong>praestat</strong></span> <span class='ocrx_word' id='word_1_349' title='bbox 1536 3547 1698 3611; x_wconf 62' lang='grc' dir='ltr'><strong><em>θάρσει·</em></strong></span> <span class='ocrx_word' id='word_1_350' title='bbox 1736 3555 1823 3614; x_wconf 65' lang='grc' dir='ltr'><strong>σῇ.</strong></span> 
     </span>
     <span class='ocr_line' id='line_1_35' title="bbox 469 3634 2343 3711; baseline -0.007 -13"><span class='ocrx_word' id='word_1_351' title='bbox 469 3648 684 3711; x_wconf 85' lang='lat' dir='ltr'><strong>Denique</strong></span> <span class='ocrx_word' id='word_1_352' title='bbox 718 3653 764 3695; x_wconf 83' lang='grc' dir='ltr'>Θ</span> <span class='ocrx_word' id='word_1_353' title='bbox 801 3647 897 3695; x_wconf 83' lang='grc'><strong>563</strong></span> <span class='ocrx_word' id='word_1_354' title='bbox 933 3648 983 3694; x_wconf 92' lang='lat' dir='ltr'><strong>et</strong></span> <span class='ocrx_word' id='word_1_355' title='bbox 1017 3649 1056 3706; x_wconf 81' lang='grc' dir='ltr'><strong>φ</strong></span> <span class='ocrx_word' id='word_1_356' title='bbox 1090 3644 1188 3694; x_wconf 78' lang='grc'><strong>246</strong></span> <span class='ocrx_word' id='word_1_357' title='bbox 1227 3656 1316 3707; x_wconf 90' lang='lat' dir='ltr'><strong>pro</strong></span> <span class='ocrx_word' id='word_1_358' title='bbox 1351 3637 1479 3704; x_wconf 75' lang='grc' dir='ltr'><strong><em>σέλᾳ</em></strong></span> <span class='ocrx_word' id='word_1_359' title='bbox 1517 3638 1662 3701; x_wconf 59' lang='lat' dir='ltr'><strong>aruph:</strong></span> <span class='ocrx_word' id='word_1_360' title='bbox 1695 3639 1968 3704; x_wconf 81' lang='lat' dir='ltr'><strong>corrigatur</strong></span> <span class='ocrx_word' id='word_1_361' title='bbox 2001 3637 2146 3702; x_wconf 72' lang='grc' dir='ltr'><strong>πυρὸς</strong></span> <span class='ocrx_word' id='word_1_362' title='bbox 2182 3634 2323 3689; x_wconf 70' lang='grc' dir='ltr'><strong><em>σέλα</em></strong></span> <span class='ocrx_word' id='word_1_363' title='bbox 2331 3672 2343 3685; x_wconf 96' lang='grc'><strong><em>.</em></strong></span> 
     </span>
     <span class='ocr_line' id='line_1_36' title="bbox 471 3721 2797 3794; baseline -0.004 -14"><span class='ocrx_word' id='word_1_364' title='bbox 471 3730 579 3780; x_wconf 82' lang='lat' dir='ltr'><strong>Alia</strong></span> <span class='ocrx_word' id='word_1_365' title='bbox 621 3729 836 3794; x_wconf 88' lang='lat' dir='ltr'><strong>exempla</strong></span> <span class='ocrx_word' id='word_1_366' title='bbox 869 3729 1104 3792; x_wconf 85' lang='lat' dir='ltr'><strong>quantum</strong></span> <span class='ocrx_word' id='word_1_367' title='bbox 1138 3723 1234 3773; x_wconf 88' lang='lat' dir='ltr'><strong>scio</strong></span> <span class='ocrx_word' id='word_1_368' title='bbox 1269 3739 1366 3772; x_wconf 89' lang='lat' dir='ltr'><strong>non</strong></span> <span class='ocrx_word' id='word_1_369' title='bbox 1401 3723 1709 3788; x_wconf 87' lang='lat' dir='ltr'><strong>reperiuntur</strong></span> <span class='ocrx_word' id='word_1_370' title='bbox 1744 3722 1795 3770; x_wconf 87' lang='lat' dir='ltr'><strong>in</strong></span> <span class='ocrx_word' id='word_1_371' title='bbox 1831 3721 2120 3771; x_wconf 85' lang='lat' dir='ltr'><strong>carminibus</strong></span> <span class='ocrx_word' id='word_1_372' title='bbox 2154 3721 2441 3771; x_wconf 67' lang='lat' dir='ltr'><strong>Homericis.</strong></span> <span class='ocrx_word' id='word_1_373' title='bbox 2490 3721 2651 3786; x_wconf 81' lang='lat' dir='ltr'><strong>Digna</strong></span> <span class='ocrx_word' id='word_1_374' title='bbox 2683 3724 2797 3771; x_wconf 88' lang='lat' dir='ltr'><strong>sunt</strong></span> 
     </span>
    </p>
   </div>
   <div class='ocr_carea' id='block_1_12' title="bbox 404 3807 2797 3949">
    <p class='ocr_par' dir='ltr' id='par_1_18' title="bbox 404 3807 2797 3949">
     <span class='ocr_line' id='line_1_37' title="bbox 404 3807 2797 3883; baseline -0.005 -15"><span class='ocrx_word' id='word_1_375' title='bbox 404 3833 524 3883; x_wconf 87' lang='lat' dir='ltr'><strong>quae</strong></span> <span class='ocrx_word' id='word_1_376' title='bbox 565 3817 872 3866; x_wconf 75' lang='lat' dir='ltr'><strong>conferantur</strong></span> <span class='ocrx_word' id='word_1_377' title='bbox 919 3814 1099 3864; x_wconf 82' lang='lat' dir='ltr'><strong>scholia</strong></span> <span class='ocrx_word' id='word_1_378' title='bbox 1134 3815 1192 3863; x_wconf 88' lang='lat' dir='ltr'><strong>ad</strong></span> <span class='ocrx_word' id='word_1_379' title='bbox 1226 3817 1278 3860; x_wconf 83' lang='grc' dir='ltr'><strong>Λ</strong></span> <span class='ocrx_word' id='word_1_380' title='bbox 1315 3813 1412 3861; x_wconf 85' lang='grc'><strong>385</strong></span> <span class='ocrx_word' id='word_1_381' title='bbox 1449 3814 1498 3860; x_wconf 88' lang='lat' dir='ltr'><strong>et</strong></span> <span class='ocrx_word' id='word_1_382' title='bbox 1531 3817 1576 3860; x_wconf 75' lang='lat' dir='ltr'><strong>‘r</strong></span> <span class='ocrx_word' id='word_1_383' title='bbox 1612 3811 1735 3870; x_wconf 73' lang='lat'><strong>2593</strong></span> <span class='ocrx_word' id='word_1_384' title='bbox 1776 3825 1896 3874; x_wconf 88' lang='lat' dir='ltr'><strong>quae</strong></span> <span class='ocrx_word' id='word_1_385' title='bbox 1928 3813 2089 3859; x_wconf 76' lang='lat' dir='ltr'><strong>tamen</strong></span> <span class='ocrx_word' id='word_1_386' title='bbox 2122 3809 2175 3858; x_wconf 90' lang='lat' dir='ltr'><strong>in</strong></span> <span class='ocrx_word' id='word_1_387' title='bbox 2210 3811 2305 3858; x_wconf 78' lang='lat' dir='ltr'><strong>fine</strong></span> <span class='ocrx_word' id='word_1_388' title='bbox 2339 3809 2481 3858; x_wconf 82' lang='lat' dir='ltr'><strong>huius</strong></span> <span class='ocrx_word' id='word_1_389' title='bbox 2514 3807 2797 3874; x_wconf 84' lang='lat' dir='ltr'><strong>praelongae</strong></span> 
     </span>
     <span class='ocr_line' id='line_1_38' title="bbox 406 3893 1833 3949; baseline -0.006 0"><span class='ocrx_word' id='word_1_390' title='bbox 406 3897 726 3949; x_wconf 74' lang='lat' dir='ltr'><strong>adnotationis</strong></span> <span class='ocrx_word' id='word_1_391' title='bbox 761 3913 856 3947; x_wconf 87' lang='lat' dir='ltr'><strong>non</strong></span> <span class='ocrx_word' id='word_1_392' title='bbox 893 3895 1194 3945; x_wconf 86' lang='lat' dir='ltr'><strong>exscribenda</strong></span> <span class='ocrx_word' id='word_1_393' title='bbox 1230 3899 1279 3943; x_wconf 90' lang='lat' dir='ltr'><strong>et</strong></span> <span class='ocrx_word' id='word_1_394' title='bbox 1313 3894 1560 3942; x_wconf 80' lang='lat' dir='ltr'><strong>tractanda</strong></span> <span class='ocrx_word' id='word_1_395' title='bbox 1594 3893 1833 3942; x_wconf 79' lang='lat' dir='ltr'><strong>videntur.</strong></span> 
     </span>
    </p>
   </div>
   <div class='ocr_carea' id='block_1_13' title="bbox 428 3977 2797 4049">
    <p class='ocr_par' dir='ltr' id='par_1_19' title="bbox 428 3977 2797 4049">
     <span class='ocr_line' id='line_1_39' title="bbox 428 3977 2797 4049; baseline -0.003 -13"><span class='ocrx_word' id='word_1_396' title='bbox 428 4018 436 4026; x_wconf 88' lang='lat'><strong>·</strong></span> <span class='ocrx_word' id='word_1_397' title='bbox 477 3987 533 4048; x_wconf 86' lang='grc'><strong>2)</strong></span> <span class='ocrx_word' id='word_1_398' title='bbox 581 3985 842 4036; x_wconf 81' lang='lat' dir='ltr'><strong>Larochius</strong></span> <span class='ocrx_word' id='word_1_399' title='bbox 883 3987 1044 4034; x_wconf 88' lang='lat' dir='ltr'><strong>tamen</strong></span> <span class='ocrx_word' id='word_1_400' title='bbox 1088 3983 1212 4034; x_wconf 88' lang='lat' dir='ltr'><strong>illud</strong></span> <span class='ocrx_word' id='word_1_401' title='bbox 1256 3979 1422 4045; x_wconf 70' lang='grc' dir='ltr'><strong><em>κῆρὸκι</em></strong></span> <span class='ocrx_word' id='word_1_402' title='bbox 1465 3981 1660 4049; x_wconf 80' lang='lat' dir='ltr'><strong>probat3</strong></span> <span class='ocrx_word' id='word_1_403' title='bbox 1705 3980 1843 4030; x_wconf 81' lang='lat' dir='ltr'><strong>euius</strong></span> <span class='ocrx_word' id='word_1_404' title='bbox 1888 3977 2030 4028; x_wconf 82' lang='lat' dir='ltr'><strong>verba</strong></span> <span class='ocrx_word' id='word_1_405' title='bbox 2074 3979 2189 4028; x_wconf 85' lang='lat' dir='ltr'><strong>haec</strong></span> <span class='ocrx_word' id='word_1_406' title='bbox 2232 3981 2345 4030; x_wconf 86' lang='lat' dir='ltr'><strong>sunt</strong></span> <span class='ocrx_word' id='word_1_407' title='bbox 2392 3979 2543 4028; x_wconf 62' lang='lat' dir='ltr'><strong>anach</strong></span> <span class='ocrx_word' id='word_1_408' title='bbox 2576 3979 2667 4028; x_wconf 78' lang='lat' dir='ltr'><strong>den</strong></span> <span class='ocrx_word' id='word_1_409' title='bbox 2700 3993 2797 4028; x_wconf 82' lang='lat' dir='ltr'><strong>von</strong></span> 
     </span>
    </p>
   </div>
   <div class='ocr_carea' id='block_1_14' title="bbox 409 4066 2799 4544">
    <p class='ocr_par' dir='ltr' id='par_1_20' title="bbox 409 4066 2799 4470">
     <span class='ocr_line' id='line_1_40' title="bbox 411 4066 2799 4137; baseline -0.003 -13"><span class='ocrx_word' id='word_1_410' title='bbox 411 4075 660 4125; x_wconf 83' lang='lat' dir='ltr'><strong>Herodian</strong></span> <span class='ocrx_word' id='word_1_411' title='bbox 705 4071 813 4137; x_wconf 69' lang='grc' dir='ltr'><strong><em>περὶ</em></strong></span> <span class='ocrx_word' id='word_1_412' title='bbox 859 4070 1086 4137; x_wconf 71' lang='grc' dir='ltr'><strong><em>διχρόνων</em></strong></span> <span class='ocrx_word' id='word_1_413' title='bbox 1131 4071 1448 4137; x_wconf 73' lang='lat' dir='ltr'><strong>angefiihrteu</strong></span> <span class='ocrx_word' id='word_1_414' title='bbox 1491 4069 1885 4121; x_wconf 82' lang='lat' dir='ltr'><strong>mannichfachen</strong></span> <span class='ocrx_word' id='word_1_415' title='bbox 1938 4068 2242 4118; x_wconf 79' lang='lat' dir='ltr'><strong>Ausnahmen</strong></span> <span class='ocrx_word' id='word_1_416' title='bbox 2263 4107 2273 4117; x_wconf 93' lang='lat'>.</span> <span class='ocrx_word' id='word_1_417' title='bbox 2296 4106 2306 4117; x_wconf 90' lang='lat'><em>.</em></span> <span class='ocrx_word' id='word_1_418' title='bbox 2331 4106 2373 4117; x_wconf 92' lang='lat'><strong>..</strong></span> <span class='ocrx_word' id='word_1_419' title='bbox 2427 4067 2620 4118; x_wconf 64' lang='lat' dir='ltr'><strong>entiallt</strong></span> <span class='ocrx_word' id='word_1_420' title='bbox 2660 4066 2799 4133; x_wconf 81' lang='lat' dir='ltr'><strong>jeder</strong></span> 
     </span>
     <span class='ocr_line' id='line_1_41' title="bbox 410 4149 2797 4220; baseline -0.003 -13"><span class='ocrx_word' id='word_1_421' title='bbox 410 4158 580 4208; x_wconf 83' lang='lat' dir='ltr'><strong>Grund</strong></span> <span class='ocrx_word' id='word_1_422' title='bbox 614 4157 691 4207; x_wconf 88' lang='lat' dir='ltr'><strong>die</strong></span> <span class='ocrx_word' id='word_1_423' title='bbox 723 4156 1118 4220; x_wconf 82' lang='lat' dir='ltr'><strong>Ueberlieferung</strong></span> <span class='ocrx_word' id='word_1_424' title='bbox 1150 4151 1460 4204; x_wconf 49' lang='lat' dir='ltr'><strong>annutante?</strong></span> <span class='ocrx_word' id='word_1_425' title='bbox 1497 4152 1736 4219; x_wconf 82' lang='lat' dir='ltr'><strong>(Append.</strong></span> <span class='ocrx_word' id='word_1_426' title='bbox 1774 4149 1999 4202; x_wconf 82' lang='lat' dir='ltr'><strong>editionis</strong></span> <span class='ocrx_word' id='word_1_427' title='bbox 2031 4149 2083 4199; x_wconf 89' lang='lat' dir='ltr'><strong>in</strong></span> <span class='ocrx_word' id='word_1_428' title='bbox 2116 4165 2256 4200; x_wconf 88' lang='lat' dir='ltr'><strong>usum</strong></span> <span class='ocrx_word' id='word_1_429' title='bbox 2286 4149 2609 4216; x_wconf 64' lang='lat' dir='ltr'><strong>scholarum).</strong></span> <span class='ocrx_word' id='word_1_430' title='bbox 2662 4151 2797 4216; x_wconf 74' lang='lat' dir='ltr'><strong>Quae</strong></span> 
     </span>
     <span class='ocr_line' id='line_1_42' title="bbox 410 4232 2797 4298; baseline -0.004 -8"><span class='ocrx_word' id='word_1_431' title='bbox 410 4239 554 4290; x_wconf 80' lang='lat' dir='ltr'><strong>verba</strong></span> <span class='ocrx_word' id='word_1_432' title='bbox 596 4243 709 4290; x_wconf 84' lang='lat' dir='ltr'><strong>sunt</strong></span> <span class='ocrx_word' id='word_1_433' title='bbox 741 4240 843 4290; x_wconf 84' lang='lat' dir='ltr'><strong>sine</strong></span> <span class='ocrx_word' id='word_1_434' title='bbox 876 4254 1042 4298; x_wconf 83' lang='lat' dir='ltr'><strong>sensu,</strong></span> <span class='ocrx_word' id='word_1_435' title='bbox 1079 4251 1193 4287; x_wconf 85' lang='lat' dir='ltr'><strong>nam</strong></span> <span class='ocrx_word' id='word_1_436' title='bbox 1225 4236 1426 4286; x_wconf 82' lang='lat' dir='ltr'><strong>traditio</strong></span> <span class='ocrx_word' id='word_1_437' title='bbox 1458 4235 1510 4285; x_wconf 85' lang='lat' dir='ltr'><strong>in</strong></span> <span class='ocrx_word' id='word_1_438' title='bbox 1545 4235 1622 4284; x_wconf 82' lang='lat' dir='ltr'><strong>his</strong></span> <span class='ocrx_word' id='word_1_439' title='bbox 1657 4234 1791 4284; x_wconf 85' lang='lat' dir='ltr'><strong>nulla</strong></span> <span class='ocrx_word' id='word_1_440' title='bbox 1828 4235 1903 4281; x_wconf 79' lang='lat' dir='ltr'><strong>est</strong></span> <span class='ocrx_word' id='word_1_441' title='bbox 1933 4232 2128 4282; x_wconf 90' lang='lat' dir='ltr'><strong>omniuo</strong></span> <span class='ocrx_word' id='word_1_442' title='bbox 2160 4247 2313 4296; x_wconf 86' lang='lat' dir='ltr'><strong>neque</strong></span> <span class='ocrx_word' id='word_1_443' title='bbox 2343 4245 2443 4281; x_wconf 85' lang='lat' dir='ltr'><strong>esse</strong></span> <span class='ocrx_word' id='word_1_444' title='bbox 2474 4234 2656 4298; x_wconf 86' lang='lat' dir='ltr'><strong>potest,</strong></span> <span class='ocrx_word' id='word_1_445' title='bbox 2688 4246 2797 4281; x_wconf 87' lang='lat' dir='ltr'><strong>cum</strong></span> 
     </span>
     <span class='ocr_line' id='line_1_43' title="bbox 409 4313 2794 4384; baseline -0.005 -10"><span class='ocrx_word' id='word_1_446' title='bbox 409 4323 546 4373; x_wconf 83' lang='lat' dir='ltr'><strong>elisio</strong></span> <span class='ocrx_word' id='word_1_447' title='bbox 589 4323 707 4373; x_wconf 88' lang='lat' dir='ltr'><strong>olim</strong></span> <span class='ocrx_word' id='word_1_448' title='bbox 741 4338 836 4372; x_wconf 88' lang='lat' dir='ltr'><strong>non</strong></span> <span class='ocrx_word' id='word_1_449' title='bbox 870 4321 1165 4370; x_wconf 87' lang='lat' dir='ltr'><strong>indicaretur</strong></span> <span class='ocrx_word' id='word_1_450' title='bbox 1198 4318 1392 4384; x_wconf 82' lang='lat' dir='ltr'><strong>seripto.</strong></span> <span class='ocrx_word' id='word_1_451' title='bbox 1445 4318 1505 4366; x_wconf 93' lang='lat' dir='ltr'><strong>In</strong></span> <span class='ocrx_word' id='word_1_452' title='bbox 1539 4316 1688 4366; x_wconf 86' lang='lat' dir='ltr'><strong>titulo</strong></span> <span class='ocrx_word' id='word_1_453' title='bbox 1722 4317 1927 4381; x_wconf 81' lang='lat' dir='ltr'><strong>quodam</strong></span> <span class='ocrx_word' id='word_1_454' title='bbox 1962 4329 2019 4364; x_wconf 85' lang='lat' dir='ltr'><strong>ex</strong></span> <span class='ocrx_word' id='word_1_455' title='bbox 2052 4313 2217 4364; x_wconf 90' lang='lat' dir='ltr'><strong>Imbro</strong></span> <span class='ocrx_word' id='word_1_456' title='bbox 2250 4313 2407 4364; x_wconf 80' lang='lat' dir='ltr'><strong>insula</strong></span> <span class='ocrx_word' id='word_1_457' title='bbox 2440 4313 2608 4380; x_wconf 85' lang='lat' dir='ltr'><strong>(Oorp.</strong></span> <span class='ocrx_word' id='word_1_458' title='bbox 2644 4314 2794 4364; x_wconf 83' lang='lat' dir='ltr'><strong>Inscr.</strong></span> 
     </span>
     <span class='ocr_line' id='line_1_44' title="bbox 411 4403 1009 4470; baseline -0.007 -14"><span class='ocrx_word' id='word_1_459' title='bbox 411 4407 578 4456; x_wconf 83' lang='lat' dir='ltr'><strong>Graec.</strong></span> <span class='ocrx_word' id='word_1_460' title='bbox 615 4405 770 4470; x_wconf 82' lang='grc'><strong>2156)</strong></span> <span class='ocrx_word' id='word_1_461' title='bbox 805 4403 1009 4467; x_wconf 80' lang='lat' dir='ltr'><strong>legitur:</strong></span> 
     </span>
    </p>

    <p class='ocr_par' dir='ltr' id='par_1_21' title="bbox 843 4491 2351 4544">
     <span class='ocr_line' id='line_1_45' title="bbox 843 4491 2351 4544; baseline -0.005 -3"><span class='ocrx_word' id='word_1_462' title='bbox 843 4491 2319 4542; x_wconf 69' lang='lat' dir='ltr'><strong>xum·KIAQANATnNEPMHmHZAMMEArOPAlm</strong></span> <span class='ocrx_word' id='word_1_463' title='bbox 2336 4524 2351 4544; x_wconf 92' lang='lat'>,</span> 
     </span>
    </p>
   </div>
  </div>
 </body>
</html>
