3436 5161
1314 365 1575 418 cassius
1617 366 1750 415 mo.
2595 347 2728 416 32¹7

350 532 593 600 saeculi
654 533 783 598 fere
844 532 1190 597 undecimi.
1274 531 1545 617 Singula
1604 531 1760 599 folia
1808 553 2026 599 versus
2077 535 2348 600 tricenos
2396 538 2736 620 quaternos

352 642 693 706 continent.
764 638 1027 704 Litteris
1085 638 1465 705 minusculis
1520 641 1776 726 magnis
1823 645 1887 705 et
1936 638 2386 725 pulcherrimis
2431 643 2738 726 perscrip-

351 750 457 810 tus
518 750 613 810 est
675 745 754 810 ab
806 765 934 810 una
979 765 1209 824 manu,
1259 765 1421 829 quae
1466 743 1653 832 siglis
1708 748 1840 814 fere
1884 764 2010 811 non
2058 767 2174 812 usa
2218 751 2348 830 est,
2395 747 2520 811 nisi
2569 745 2738 830 quod

348 871 464 940 pro
525 850 631 916 και)
696 871 879 937 saepe
944 853 1197 937 scripsit
1244 854 1381 918 sive
1440 875 1505 962 κε
1548 852 1683 918 sive
1735 838 1764 916 ὲ
1819 853 1882 916 et
1925 851 1992 916 in
2042 872 2348 917 versuum
2393 849 2518 917 fine
2555 852 2736 918 litte-

350 992 491 1038 ram
540 997 569 1037 ν
614 972 789 1038 haud
836 993 975 1038 raro
1018 971 1253 1038 lineola
1300 971 1567 1038 ultimae
1614 971 1868 1038 litterae
1918 975 2344 1060 superscripta
2406 973 2736 1059 expressit.

350 1077 687 1146 Praeterea
744 1103 839 1151 -ος
902 1085 969 1145 et
1028 1103 1140 1151 -ως
1199 1099 1653 1166 nonnunquam
1716 1080 1810 1144 ita
1871 1085 2128 1146 exarata
2188 1082 2605 1146 inveniuntur
2663 1085 2738 1146 ut

351 1184 727 1270 praecedens
773 1208 813 1250 σ
858 1185 1144 1252 litteram
1190 1209 1219 1252 ο
1269 1192 1571 1271 tanquam
1620 1184 1912 1253 involvat
1951 1185 2005 1270 (ο
2058 1189 2128 1272 (ω
2147 1235 2164 1262 ,
2227 1185 2337 1252 sed
2374 1187 2440 1252 id
2488 1205 2738 1273 quoque

349 1293 416 1355 in
463 1289 719 1357 ultimis
758 1296 1009 1358 tantum
1058 1293 1375 1372 versibus3
1430 1292 1561 1358 iota
1583 1341 1601 1370 ,
1643 1293 1814 1377 quod
1853 1292 2088 1358 dicitur
2116 1294 2549 1378 subscriptum
2571 1339 2588 1372 ‚
2611 1313 2736 1360 non

347 1395 639 1486 neglexit
656 1449 671 1472 ‚
736 1397 849 1464 sed
896 1403 969 1464 ut
1014 1420 1129 1485 par
1174 1404 1270 1465 est
1294 1448 1311 1475 .
1357 1398 1565 1466 vocali
1614 1399 1975 1484 adscripsit.
2047 1397 2282 1465 Lineae
2329 1399 2480 1465 stilo
2527 1420 2735 1467 mem-

352 1504 583 1570 branae
626 1506 973 1590 impressae
1021 1525 1308 1571 summas
1353 1504 1602 1570 litteras
1648 1507 2000 1590 attingunt.
2067 1503 2400 1571 Orationes
2441 1514 2506 1572 et
2545 1505 2734 1572 collo-

351 1610 503 1695 quia
564 1613 815 1696 appicto
874 1615 1022 1676 ante
1083 1610 1370 1698 singulos
1433 1633 1653 1678 versus
1712 1613 1898 1698 signo
1943 1619 2008 1688 >
2055 1611 2576 1699 distinguuntur3
2624 1614 2737 1678 ubi

352 1715 479 1782 dno
540 1715 990 1802 colloquuntur
1044 1716 1149 1784 vel
1197 1717 1467 1784 duorum
1518 1717 2030 1784 adversariorum
2081 1719 2409 1784 conciones
2453 1739 2518 1784 se
2565 1718 2736 1785 invi-

352 1843 491 1887 cem
548 1824 875 1908 excipiunt
935 1821 1298 1908 posterioris
1356 1825 1571 1890 verbis
1634 1821 1871 1908 duplex
1936 1823 2197 1910 signum
2257 1826 2322 1896 >
2343 1827 2405 1896 >
2455 1824 2732 1891 additur.

350 1926 775 1994 'l'enuioribus
820 1926 1055 1994 litteris
1098 1928 1459 1995 uncialibus
1506 1934 1818 1995 corrector
1863 1931 2162 2013 antiquus
2208 1933 2274 1994 et
2319 1931 2390 1994 in
2435 1933 2736 2020 margini·

350 2036 471 2100 bus
534 2038 599 2100 et
660 2035 829 2100 inter
886 2033 1087 2100 lineas
1134 2033 1339 2100 multa
1385 2035 1620 2101 vitiosa
1666 2035 1974 2112 correxit,
2024 2054 2185 2120 quae
2232 2033 2402 2100 male
2449 2034 2736 2102 abunda-

348 2145 493 2208 rent
535 2141 820 2219 induxit,
868 2139 1151 2226 explevit
1198 2160 1359 2225 quae
1406 2140 1727 2217 deessent,
1775 2141 2150 2225 plerumque
2199 2146 2366 2206 recte
2394 2139 2470 2226 1).
2515 2141 2614 2206 Ex
2661 2163 2734 2208 eo

349 2252 569 2315 autem
631 2247 797 2335 quod
858 2267 1043 2332 saepe
1101 2246 1362 2312 lectioni
1407 2247 1787 2331 depravatae
1833 2244 2104 2312 alteram
2151 2247 2501 2312 substituat
2546 2247 2736 2313 vitio-

348 2375 487 2421 sam
528 2353 788 2440 quidem
809 2401 830 2437 ‚
878 2351 989 2418 sed
1042 2372 1120 2418 ex
1167 2373 1291 2438 qua
1335 2354 1615 2439 genuina
1660 2353 1986 2435 scriptoris
2031 2351 2226 2417 verba
2271 2353 2409 2417 erui
2452 2354 2730 2438 possint,

350 2460 669 2546 addetque
733 2457 1043 2525 vocabula
1105 2479 1267 2543 quae
1314 2458 1391 2523 de
1438 2477 1552 2524 suo
1599 2455 1895 2544 supplere
1940 2476 2062 2521 non
2111 2459 2424 2542 potuerit,
2474 2463 2736 2544 apparet

352 2587 503 2634 eum
567 2565 670 2635 vcl
731 2564 935 2634 alium
980 2564 1262 2631 codicem
1310 2563 1416 2630 vel
1461 2563 1724 2630 fortasse
1771 2582 1920 2629 eum
1965 2563 2182 2648 ipsum
2228 2565 2339 2649 qui
2384 2562 2736 2650 descriptus

354 2679 488 2741 erat
530 2677 600 2740 in
646 2672 1017 2761 corrigendo
1060 2672 1446 2738 adhibuisse.
1515 2670 1698 2751 Quod
1746 2676 1821 2734 ut
1867 2670 2128 2755 probem
2176 2690 2380 2755 pauca
2423 2671 2734 2755 quaedam

352 2780 647 2868 exempla
708 2780 925 2847 afferre
987 2779 1153 2845 mihi
1210 2778 1419 2845 liceat.
1511 2776 1583 2842 L.
1649 2776 1737 2841 45
1753 2823 1774 2855 ‚
1838 2774 1879 2839 6
1900 2823 1917 2855 ,
1981 2776 2024 2839 4
2084 2778 2196 2852 τήν
2243 2778 2582 2859 πανήγυριν
2625 2780 2736 2854 τήν

352 2888 455 2953 ἐπὶ
496 2896 575 2971 τῇ
620 2890 729 2953 τοῦ
776 2886 1161 2968 ’ΔΦροδισΙου
1209 2886 1518 2961 ἕκποιήσει
1568 2881 2094 2964 καταδειχθεῖσαν
2147 2920 2230 2933 -
2280 2884 2468 2958 αὐτὸς
2521 2884 2736 2972 (Octa-

347 2993 601 3081 vianus)
668 2991 769 3059 ἐπὶ
834 3002 909 3075 τῇ
972 2996 1081 3060 τοῦ
1146 2991 1409 3068 πλήθους
1475 2991 1770 3073 θεραπείᾳ
1828 2990 1904 3062 ὡς
1971 2990 2075 3055 κοιὶ
2139 2990 2441 3071 προσήκου
2505 2990 2607 3057 διὰ
2664 2991 2736 3057 τὸ

352 3098 528 3178 γένος
574 3105 700 3171 τοῖς
748 3098 978 3170 οἰκείοις
1018 3096 1226 3163 τέλεσι
1266 3096 1497 3172 διέθηκε
1517 3140 1535 3175 ,
1575 3096 1874 3177 προσήκου
1913 3094 2082 3181 quod
2120 3095 2457 3163 manifesto
2497 3096 2737 3164 falsum

354 3211 451 3272 est
494 3211 665 3273 recte
710 3208 777 3271 in
824 3206 1243 3285 προσήκουσαν
1289 3203 1593 3269 mutavit.
1642 3200 1786 3267 Lib.
1840 3199 1963 3281 49,
2007 3199 2090 3265 31
2117 3249 2134 3277 ,
2178 3200 2213 3266 1
2255 3206 2496 3268 cumin
2521 3204 2735 3269 codice

351 3312 663 3399 seriptum
726 3314 1075 3379 invenisset
1138 3310 1449 3379 Ἀντώνιος
1512 3308 1573 3373 δὲ
1639 3308 1756 3373 ὑπὸ
1820 3306 1936 3385 μὲν
1996 3313 2114 3372 τῶν
2170 3307 2479 3386 πολεμίων
2533 3310 2732 3375 οὐκέτ’

352 3419 518 3485 οὐδὲν
579 3417 763 3483 δεινὸν
816 3416 1079 3496 ἔπαθεν,
1128 3416 1245 3483 ὑπὸ
1293 3416 1355 3481 δὲ
1406 3414 1475 3491 δὴ
1523 3417 1631 3479 τοῦ
1679 3413 1928 3494 ψύχους
1981 3413 2178 3488 δεινῶς
2228 3416 2735 3497 ἕτοιλαιπῶρησε,

350 3544 505 3592 voce
567 3524 765 3597 δεινῶς
784 3573 803 3609 ,
864 3524 1032 3609 quod
1100 3545 1177 3590 ex
1222 3520 1623 3609 praecedenti
1670 3520 1858 3585 δεινὸν
1902 3510 2128 3587 natum
2178 3528 2310 3601 est,
2362 3524 2624 3590 inducta
2669 3524 2736 3590 in

350 3634 645 3719 margine
709 3631 970 3712 ἰσχυρῶς
1030 3630 1365 3715 adscripsit
1384 3678 1402 3703 ,
1452 3626 1620 3713 quod
1670 3634 1734 3692 et
1785 3648 1934 3693 cum
1981 3628 2204 3693 Dionis
2247 3627 2548 3714 loquendi
2593 3650 2736 3696 con-

352 3737 689 3803 suetudine
750 3736 1045 3804 convenit
1109 3744 1173 3801 et
1220 3756 1257 3801 a
1307 3734 1600 3801 Mediceo
1669 3744 1726 3798 A
1775 3733 2098 3819 probatur.
2169 3734 2397 3801 Eidem
2469 3734 2736 3801 debetur

356 3842 477 3922 55,
545 3842 707 3921 loa,
768 3841 811 3907 9
876 3842 1095 3909 ὃλκοὶδι
1157 3862 1271 3927 pro
1333 3840 1593 3918 ὁλκάσι,
1655 3861 1709 3904 c.
1772 3837 1885 3917 18,
1941 3837 1981 3904 6
2031 3840 2573 3914 ὦτοικουστοῦντας
2624 3862 2736 3928 pro

353 3948 787 4025 ὦτοικουστοὶς,
843 3946 965 4033 56,
1018 3946 1123 4034 1¹7,
1176 3949 1211 4013 1
1263 3946 1487 4026 ὦψῒδες
1537 3967 1651 4032 pro
1706 3945 2008 4029 ἀσπίδες,
2058 3945 2205 4012 alia.
2269 3945 2346 4012 L.
2389 3946 2508 4024 49,
2564 3944 2642 4025 8,
2693 3947 2736 4011 4

350 4056 621 4122 inseruit
666 4079 725 4122 τι
747 4102 763 4135 ,
811 4055 978 4141 quod
1022 4059 1168 4141 post
1220 4054 1357 4135 πρὶν
1406 4053 1831 4134 νεοχμωθιῑνοιι
1879 4050 2050 4118 male
2101 4052 2317 4119 aberat
2363 4058 2428 4119 et
2477 4052 2602 4129 54,
2657 4054 2728 4139 1,

422 4340 475 4405 1)
525 4338 691 4389 Multo
739 4338 848 4405 post
890 4335 1013 4387 nlius
1056 4332 1212 4385 nescio
1255 4332 1361 4398 quis
1405 4334 1569 4383 codem
1603 4330 1888 4383 correctoris
1923 4346 2122 4383 munere
2153 4331 2346 4382 functus
2379 4335 2478 4395 eat,
2511 4333 2592 4383 sed
2626 4333 2739 4384 huic

352 4437 430 4473 res
474 4420 601 4473 mle
634 4420 879 4471 successit:
916 4434 1039 4484 quae
1070 4415 1276 4467 tentavit
1310 4420 1395 4466 aut
1426 4416 1562 4482 parvi
1596 4415 1830 4467 momenti
1864 4418 1978 4465 sunt
2008 4417 2094 4465 ant
2129 4414 2336 4465 ulterius
2367 4420 2608 4482 corrupta.
2661 4416 2740 4467 Sic

356 4504 419 4554 ad
453 4506 545 4565 ⁵5,
581 4504 639 4565 1,
674 4503 705 4553 8
739 4503 831 4553 ποῖ
856 4498 988 4558 δῆτα
1016 4496 1235 4564 intres,
1261 4498 1451 4561 Δροῦσε
1476 4494 1745 4561 ἀκύρου-τι,
1771 4496 1825 4549 in
1853 4496 2070 4562 margine
2087 4494 2360 4549 adnotavit:
2381 4514 2460 4562 γρ.
2479 4495 2728 4563 βαδίζειςῐ
