3436 5161
1361 278 1696 398 nuomus.
2272 305 2277 314 ⁸
2598 305 2729 396 43'3

383 559 392 571 ·
439 511 594 602 Cep.
641 513 751 582 25.
815 513 1128 603 Expunge
1185 513 1430 600 puerile
1491 515 2037 582 additamentum:
2090 514 2194 580 καὶ
2238 515 2307 580 σὲ
2356 517 2496 602 [τὴν
2546 524 2731 581 Φιλο-

335 621 635 710 σοφίαν].
1127 662 1135 670 ·

437 833 589 922 Cep.
639 834 748 900 26.
817 831 908 901 ὅτι
959 841 1168 902 ταῦτα
1218 838 1396 902 ποιῶν
1447 834 1548 900 καὶ
1602 835 1777 922 [ὑπὸ]
1831 836 1899 899 τὸ
1948 835 2049 899 σὸν
2096 833 2285 912 ὄνομα
2352 832 2733 902 ὑποδύεται.

330 941 487 1029 Ipse
533 941 852 1008 Lucienus
897 942 1196 1009 facessere
1242 943 1494 1009 iubebit
1541 941 1879 1008 molestam
1929 943 2478 1028 praepositionem.
2531 938 2629 1008 Of.
2678 965 2733 1006 c.

333 1047 472 1114 33:
523 1049 841 1128 ὑποκριτὴς
891 1049 1151 1123 Ἀθηνᾶν
1203 1048 1235 1124 ἢ
1283 1048 1630 1116 Ποσειδῶνα
1677 1051 1709 1114 ύ
1732 1030 1877 1114 ποδ
1896 1074 1923 1114 ε
1944 1049 2027 1116 δυ
2048 1075 2083 1114 κ
2102 1047 2145 1114 ὥ
2165 1073 2234 1126 ς;
2282 1045 2500 1136 Fugit.
2549 1070 2600 1114 c.
2654 1046 2733 1113 3:

326 1157 518 1238 Φίλοι
567 1153 914 1234 Φάσκοντες
963 1151 1267 1220 εἶναικαὶ
1318 1157 1618 1232 τούμὸν
1668 1154 1919 1232 ὄνομα
1970 1154 2537 1232 ὑποδυόμενοις
2568 1154 2735 1222 Adv.

327 1263 486 1330 Ind.
529 1283 580 1328 c.
617 1260 738 1328 27:
779 1264 880 1327 τὸν
924 1261 1371 1346 Ἀριστοφάνην
1412 1262 1515 1328 καὶ
1556 1261 1831 1328 Εὔπολιν
1876 1260 2414 1340 ὑποδέδυκας;
2458 1261 2731 1349 Apolog-

324 1391 384 1435 ο.
447 1369 527 1434 2;
581 1367 875 1442 ὑποδὺς
925 1372 995 1436 τὸ
1044 1369 1146 1435 σὸν
1192 1369 1524 1451 πρόσωπον.

433 1581 592 1672 Gap.
617 1581 727 1649 27.
771 1583 806 1660 ἦ
848 1582 912 1649 τί
947 1584 1077 1665 γάρ
1111 1583 1188 1650 ἂν
1227 1575 1496 1650 εἷπεῖν
1547 1581 1715 1666 ἔχοις
1766 1583 1849 1650 τὰ
1892 1583 2253 1661 σεμνότατα
2291 1581 2581 1662 διασύρας
2626 1582 2726 1647 ἐπὶ

325 1691 638 1756 τοσούτων
686 1691 1040 1771 μαρτύρωνς
1091 1689 1324 1756 Malim
1370 1691 1500 1757 fere
1540 1689 1634 1756 ἂν
1675 1692 2041 1757 άντειπεῒν.
2090 1688 2344 1757 Gertius
2386 1696 2483 1756 est
2516 1692 2585 1754 in
2610 1687 2735 1754 fine

325 1819 454 1886 pro
501 1782 744 1864 soloeco
791 1797 899 1862 καί
945 1822 1012 1862 σε
1061 1797 1356 1876 άξιοῦμεν
1405 1800 1768 1878 τιμωρήσ
1790 1821 1850 1863 ει
1872 1822 1901 1862 ν
1951 1799 2097 1875 ἡμῖν
2141 1797 2573 1884 reponendum
2598 1817 2733 1862 esee

327 1929 704 1985 τιμωρησαι.

431 2118 589 2206 Cep.
642 2118 749 2186 31.
799 2119 1038 2209 Supple
1086 2120 1204 2186 οὐδ’
1261 2119 1335 2186 ἂν
1385 2122 1418 2195 ἦ
1469 2121 1687 2197 Ἑλένη
1738 2121 1887 2186 ποτὲ
1936 2119 1969 2197 ἦ
2021 2119 2111 2209 (ἦ)
2164 2118 2492 2198 Πολυξένη.

432 2330 589 2420 Cap.
643 2331 750 2400 32.
819 2331 973 2414 άχρι
1037 2332 1108 2408 δή
1170 2356 1264 2403 τις
1327 2333 1514 2398 αὐτὸν
1570 2331 1737 2410 ξένος
1786 2332 1892 2398 καὶ
1945 2331 2165 2398 λέοντα
2215 2332 2346 2399 ἰδὼν
2392 2331 2528 2416 [καὶ
2576 2327 2725 2416 ὄνον]

330 2440 670 2512 πολλάκις.
757 2439 1022 2525 Semper
1083 2439 1456 2525 scrupulum
1527 2441 1688 2505 mihi
1747 2440 2073 2505 iniiciebat
2129 2437 2294 2504 illud
2360 2438 2493 2503 καὶ
2558 2435 2592 2502 ὅ
2608 2460 2731 2502 νον

333 2552 592 2635 praeter
652 2566 910 2613 omnem
964 2548 1407 2612 necessitatem
1457 2545 1781 2625 additum3
1834 2566 2001 2613 nunc
2048 2545 2235 2613 video
2284 2546 2349 2609 in
2396 2543 2577 2611 libris
2626 2546 2727 2609 in-

329 2668 511 2723 eerta
557 2653 702 2719 sede
749 2652 1175 2729 circumferri,
1227 2657 1301 2717 ut
1347 2655 1835 2739 suppositicium
1884 2674 2019 2719 esse
2062 2656 2196 2718 iem
2244 2673 2365 2718 non
2414 2652 2730 2717 dubitem.

335 2760 593 2827 Cumani
654 2779 902 2845 quoque
961 2761 1196 2824 asinum
1260 2758 1500 2825 millies
1553 2759 1875 2845 viderent3
1923 2780 2149 2827 verum
2196 2761 2573 2847 peregrinus
2619 2756 2728 2823 ille

330 2870 562 2934 leonem
607 2868 856 2951 saepius
903 2871 1332 2952 conspexerat.

429 3077 588 3165 Gap.
638 3076 750 3145 36.
812 3078 1008 3144 ὁποῖόν
1055 3103 1112 3145 τι
1166 3079 1268 3144 καὶ
1317 3081 1372 3145 οἱ
1421 3079 1594 3153 κύνες
1645 3081 2029 3162 πάσχουσιν·
2080 3081 2325 3147 ἐπειδάν
2373 3105 2463 3154 τις
2516 3080 2729 3145 ὀστοῦν

335 3190 396 3261 ἐς
449 3185 677 3263 μέσους
725 3184 950 3259 αὐτοὺς
1002 3185 1291 3269 ἐμβάλῃ,
1344 3187 1857 3264 ἀναπηδήσαντες
1907 3188 2217 3255 δάκνουσιν
2266 3188 2576 3263 ἀλλήλους
2612 3186 2723 3259 καὶ

330 3296 442 3360 τὸν
492 3291 981 3374 προαρπάσαντα
1033 3292 1132 3378 [τὸ
1183 3295 1421 3378 ὀστοῦν]
1470 3296 1861 3362 ὑλακτοῦσιν.
1926 3294 2182 3362 Mutata
2220 3296 2729 3383 interpunctione

333 3400 647 3467 rescribe:
699 3396 898 3463 ὁποῖόν
946 3422 1007 3463 τι
1057 3400 1159 3464 καὶ
1206 3402 1258 3465 οἱ
1301 3402 1468 3474 κύνες
1511 3399 1897 3481 πάσχουσιν,
1936 3400 2187 3469 ἐπειδάν
2209 3450 2405 3468 .....
2434 3402 2731 3485 ἐμβάλῃ·

335 3506 848 3584 άναπηδήσαντες
901 3531 957 3572 κ.
985 3532 1048 3574 τ.
1074 3522 1132 3572 λ.
1183 3514 1247 3573 et
1294 3508 1432 3575 dele
1479 3508 1562 3573 τὸ
1610 3509 1929 3589 ὀστοῦν,
1985 3531 2213 3598 parum
2258 3508 2581 3598 eleganter
2627 3530 2726 3575 re-

333 3617 634 3705 petitum.

430 3814 586 3902 Cap.
638 3813 748 3880 38:
810 3814 1212 3893 Μετάστηθι,
1260 3810 1300 3878 ὦ
1351 3812 1777 3895 Παρρησιάδη,
1829 3812 1917 3879 ἔτι
1970 3813 2327 3896 πορρωτέρω.
2396 3814 2525 3881 Hic
2572 3836 2727 3901 quo-

337 3944 499 4010 que,
553 3928 627 3987 ut
672 3924 738 3987 in
787 3942 840 3987 c.
891 3923 969 4000 2,
1019 3920 1269 4007 plenius
1300 3910 1895 4009 'interpungendum
1945 3928 2087 4008 post
2133 3922 2547 4004 Παρρησιάδη.

430 4135 585 4223 Gap.
636 4136 744 4203 4¹7.
809 4131 846 4211 ἦ
891 4160 1006 4202 που
1045 4136 1185 4207 τοὺς
1234 4136 1428 4209 λίθους
1475 4134 1910 4202 άλιεύσειν
1955 4135 2289 4215 διέγνωκας
2338 4138 2407 4203 ἐκ
2452 4142 2557 4204 τοῦ
2605 4149 2724 4204 Πε-

337 4248 691 4323 λασγικοῦς
730 4244 1018 4310 Emende
1064 4242 1452 4309 άλιεύειν.

430 4457 757 4545 Gataplue.
807 4457 961 4546 Gap.
1017 4461 1071 4523 1.
1141 4457 1244 4522 καὶ
1309 4464 1424 4523 τῶν
1481 4464 1694 4523 κωπῶν
1743 4458 2048 4532 ἑκάστη
2097 4458 2501 4539 τετρόπωται.
2552 4457 2721 4525 Cha-
