3436 5161
709 359 842 426 238
1738 383 2049 432 GALENUB.

715 544 1189 624 ἄκιΔΝοτέρην,
1252 547 1320 612 id
1387 553 1484 613 est
1543 547 1975 634 ἀσθενεςέραν,
2037 549 2205 635 quod
2265 569 2465 635 quum
2524 551 2797 617 scribam
2844 553 3098 640 fugeret

713 652 1054 717 substituit
1108 655 1482 736 „vocabulum
1530 656 1669 719 bene
1713 653 2044 720 Graecum’'
2090 657 2542 738 οὶκινδυνοτέρην
2560 705 2576 736 ,
2616 657 2725 722 sed
2764 678 2912 724 cum
2948 678 3096 724 sen-

715 759 916 824 tentia
964 779 1273 846 pugnans.
1347 759 1547 846 Turpi
1597 781 1803 826 errore
1850 762 2018 849 apud
2062 761 2466 848 Hesychium
2514 762 2785 850 legitur:

1333 866 2003 948 ’ΛκιΛνΩτεροντ
2052 870 2454 950 &coevis-spon.

711 992 790 1037 ex
835 969 1212 1039 Homerico:

1163 1079 1327 1144 οὐδὲν
1375 1079 1751 1160 ἀκιδνότερον
1796 1089 1963 1160 γαῖα
2008 1081 2223 1164 τρέφει
2262 1081 2603 1163 ἀνθρώποιο.

801 1289 1084 1359 Galenus
1147 1293 1601 1359 animadvertit
1661 1293 1843 1360 Tom.
1910 1293 2124 1360 XVII.
2200 1296 2259 1360 1.
2332 1316 2479 1384 pag.
2550 1293 2721 1362 826:
2792 1296 3091 1378 Φαίνεται

712 1399 898 1474 νήνι-ια
962 1401 1164 1477 λέγων
1226 1401 1310 1465 τοὶ
1373 1397 1480 1472 ἕως
1545 1398 1700 1478 ἥβης
1760 1401 1863 1467 καὶ
1910 1401 2053 1482 οὐχ)
2104 1402 2191 1467 τὰ
2240 1402 2464 1481 νεογνὰ
2510 1403 2699 1483 μέχρι
2746 1407 2861 1468 τῶν
2907 1400 3091 1466 πέντε

711 1505 746 1580 ἢ
811 1496 878 1582 ἓξ
938 1509 1115 1583 ἐτῶν,
1181 1513 1246 1572 et
1293 1504 1496 1571 simili
1539 1527 1729 1572 sensu
1777 1507 2011 1573 dixisse
2058 1507 2529 1594 Herophilum:
2577 1516 2702 1580 τοῖς
2752 1507 2978 1583 νηπίοις
3026 1509 3090 1573 οὔ

715 1613 1008 1689 γίγνεται
1072 1612 1408 1692 σπέρματα
1471 1613 1779 1692 μεγαλα,
1852 1616 2250 1699 καταμήνια,
2322 1614 2574 1700 κύημα,
2644 1613 3088 1696 Φαλακρότης,

712 1718 880 1804 quod
941 1739 1086 1784 cum
1149 1717 1442 1784 nonnulli
1501 1740 1626 1785 non
1689 1718 2152 1786 intellexissent
2200 1721 2439 1787 bonum
2488 1721 2813 1786 medicum
2856 1720 3091 1786 derisui

711 1824 1071 1889 habuerunt
1117 1827 1282 1890 serio
1325 1832 1686 1891 narrantem
1734 1825 2018 1911 puerulis
2066 1832 2131 1892 et
2168 1826 2473 1912 puellulis
2512 1828 2793 1912 quinque
2830 1833 2943 1892 aut
2980 1847 3091 1892 sex

711 1949 1018 1994 annorum
1079 1933 1144 1996 οὐ
1192 1931 1476 2009 γενέσθαι
1527 1931 1864 2010 σπέρματα
1912 1933 2177 2009 μεγαλα
2228 1931 2333 1998 vel
2380 1933 2761 2009 καταμήνια.
2834 1933 3091 1998 Miraris

711 2035 778 2099 in
825 2035 928 2099 his
974 2034 1357 2102 derisoribus
1403 2034 1877 2104 Callimachum
1924 2038 2150 2115 fuisse,
2202 2039 2313 2104 sed
2361 2038 2671 2104 disertum
2718 2047 2815 2104 est
2862 2035 3092 2104 Galeni

711 2143 1193 2208 testimonium:
1259 2145 1323 2208 οὔ
1375 2144 1502 2222 γαρ
1550 2151 1674 2213 τοῖς
1722 2144 1909 2222 μέχρι
1960 2152 2069 2220 τῆς
2116 2142 2539 2224 προειρημένης
2592 2144 2833 2220 ἡλικίας
2882 2145 3091 2230 (quin-

714 2267 836 2332 que
883 2246 987 2313 vel
1033 2269 1142 2314 sex
1191 2250 1528 2335 annorum)
1568 2249 2124 2330 παραγιγνομένοις
2166 2251 2341 2328 λέγει
2382 2253 2471 2328 μὴ
2513 2251 2839 2329 γίγνεσθαι
2879 2255 3089 2315 ταῦτα

714 2389 794 2400 —-
844 2351 988 2434 ὅπερ
1052 2355 1208 2426 τινὲς
1273 2354 1591 2434 δεχόμενοι
1651 2361 2087 2433 καταγελῶσιν
2144 2357 2337 2422 αὐτοῦ
2400 2358 2475 2426 ὥς
2522 2356 2607 2420 τὰ
2656 2361 2814 2422 πᾶσι
2861 2379 3092 2434 γιγνω-

714 2459 988 2538 σκόμενα
1037 2459 1458 2538 διδάσκοντος,
1511 2459 1596 2526 ὧν
1642 2463 1765 2529 ε’ςὶ
1818 2463 1951 2526 καὶ
2000 2465 2029 2527 ὁ
2078 2461 2652 2543 Καλλίμαχος.

805 2672 986 2740 Τοω.
1050 2672 1261 2739 XVII.
1329 2676 1389 2743 1.
1452 2696 1597 2763 pag.
1666 2674 1838 2751 909:
1900 2677 2079 2741 ἀλλὰ
2140 2681 2351 2741 ταῦτα
2413 2676 2527 2753 μὲν
2574 2674 3093 2757 εὐκαταφρόνητα

715 2782 818 2845 καὶ
885 2780 1114 2861 σμικροὶ
1179 2781 1455 2862 καθάπερ
1519 2783 1624 2847 καὶ
1688 2782 1868 2848 πάνθ’
1917 2778 2031 2848 ὅσα
2082 2784 2215 2861 περὶ
2263 2790 2374 2858 τῆς
2422 2781 2645 2859 λέξεως
2698 2780 3091 2860 ἐξήγηται

714 2895 825 2961 τῆς
874 2894 988 2952 τῶν
1038 2886 1432 2966 πραγμάτων
1480 2890 1775 2961 ἀληθείας
1821 2887 2325 2970 Φυλαττομένης.
2397 2890 2522 2954 Pro
2567 2887 2869 2967 ἐξήγηται
2914 2889 3096 2951 resti-

713 2994 1029 3059 tuendum
1079 2993 1411 3067 ἕΖῆΤηται
1431 3042 1447 3073 ,
1497 3001 1690 3059 omnia
1732 3018 1880 3080 quae
1918 2998 1992 3059 de
2030 2998 2277 3061 lectione
2314 2997 2601 3080 quaesita
2637 3002 2796 3059 sunt.
2860 2992 3095 3059 Omnes

715 3102 888 3165 enim
952 3100 1030 3165 de
1089 3122 1240 3167 vera
1295 3103 1608 3187 scriptura
1653 3104 2053 3187 quaestiones
2098 3101 2443 3167 dummodo
2490 3101 2567 3167 de
2612 3099 2737 3165 loci
2782 3101 3095 3165 sententia

717 3212 960 3271 constet
1023 3204 1305 3273 Galenus
1370 3206 1516 3274 vult
1571 3216 1973 3273 contemnere
2018 3208 2221 3273 videri
2240 3256 2255 3285 ,
2306 3207 2473 3292 quod
2521 3228 2713 3293 quam
2759 3207 2847 3271 sit
2892 3205 3095 3270 lubri-

719 3332 865 3377 cum
915 3318 980 3377 et
1023 3313 1449 3397 periculosum
1499 3335 1622 3378 non
1671 3314 1905 3379 melius
1950 3335 2141 3400 quam
2190 3334 2269 3380 ex
2306 3312 2705 3402 gravissimis
2744 3312 3093 3389 erroribus,

717 3419 786 3482 in
850 3438 1006 3503 quos
1077 3416 1362 3485 Galenus
1419 3422 1556 3506 ipse
1619 3442 1684 3487 se
1746 3422 1982 3506 passim
2044 3420 2291 3497 induit,
2354 3418 2659 3485 declarari
2716 3423 2943 3503 potest.
3022 3414 3091 3481 Si

717 3525 860 3608 quis
907 3523 1102 3601 alius,
1149 3521 1431 3591 Galenus
1463 3527 1532 3589 in
1564 3540 1698 3591 arte
1740 3526 2197 3612 interpretandi
2235 3524 2577 3611 plumbeus
2614 3529 2711 3589 est
2750 3528 2815 3589 et
2838 3522 3096 3589 omnino

717 3632 786 3695 in
830 3631 1019 3696 rebus
1065 3633 1532 3719 grammaticis,
1587 3653 1744 3718 quas
1792 3633 1949 3699 locis
1996 3635 2307 3698 sexcentis
2353 3631 2595 3697 adunco
2642 3650 2793 3695 naso
2840 3649 3097 3714 suspen-

717 3738 831 3803 dit.
905 3737 1232 3804 Praeclare
1291 3737 1622 3805 Enumms
1684 3742 1755 3803 in
1817 3738 2216 3805 Praefatione
2280 3739 2359 3804 ad
2406 3736 2861 3823 Hippocratem
2910 3733 3091 3800 Tom.

715 3844 762 3910 I.
807 3866 954 3932 pag.
998 3844 1094 3913 V:
1147 3893 1182 3924 „
1195 3846 1482 3910 Galenum
1517 3868 1714 3929 paene
1759 3846 2107 3909 delectatum
2156 3867 2276 3909 esse
2320 3844 2571 3908 dixerim
2616 3844 2923 3907 scribendo
2968 3863 3095 3903 am-

707 3953 841 4036 plos
887 3957 1327 4017 commentarios
1372 3952 1439 4015 in
1487 3953 1670 4016 libros
1689 4002 1706 4035 ,
1756 3974 1897 4036 quoe
1940 3973 2123 4036 neque
2168 3957 2291 4034 ipse
2309 4000 2327 4035 ,
2387 3972 2571 4030 neque
2614 3954 2919 4029 quiequam
2966 3968 3096 4011 um·-

715 4080 888 4142 quam
951 4058 1252 4122 intellexit
1313 4065 1420 4121 aut
1480 4056 1840 4139 intelliget’'.
1930 4056 2189 4122 Primus
2250 4058 2540 4121 omnium
2596 4074 2798 4127 ausus
2856 4057 2952 4117 est
2997 4054 3099 4119 vir

717 4165 1015 4251 egregius
1076 4166 1426 4229 immatura
1472 4169 1678 4229 morte
1726 4161 1959 4228 litteris
2004 4168 2257 4248 ereptus
2304 4182 2377 4227 ea
2420 4162 2799 4248 redarguere
2846 4164 2911 4225 et
2956 4178 3098 4223 con·

715 4267 949 4337 vellere
1014 4289 1175 4355 quae
1239 4269 1351 4335 alii
1414 4276 1526 4335 aut
1586 4274 1799 4355 inepte
1861 4269 2211 4354 probabant
2266 4274 2378 4334 aut
2424 4265 2620 4333 stulte
2666 4266 3095 4342 mirabantur,

715 4375 792 4442 de
840 4396 964 4461 qua
1011 4396 1080 4443 re
1125 4375 1291 4442 alius
1339 4375 1598 4443 dabitur
1643 4376 1897 4442 dicendi
1936 4374 2132 4443 locus.
