3436 5161
690 311 822 382 336
1658 327 1924 382 cessum
1965 328 2098 380 mo.

690 496 901 584 legem
969 516 1121 561 cum
1183 493 1527 583 diligenter
1570 495 1818 561 codices
1863 497 2292 562 examinarem
2339 493 2698 561 Mediceum
2747 505 2794 558 Β
2843 497 3101 560 cetero-

692 623 839 668 rum
904 601 1323 688 archetypum
1384 621 1519 668 esse
1580 603 1875 689 cognovi.
1950 602 2072 678 At,
2123 602 2295 668 dicat
2339 601 2606 686 aliquis,
2653 619 2729 666 ex
2781 600 3004 666 codice
3055 621 3099 666 a

687 706 853 774 libro
904 708 990 773 42
1036 729 1292 792 exorso,
1339 708 1657 775 derivatos
1704 729 1840 774 esse
1885 729 1991 774 eos
2035 709 2271 794 quibus
2307 707 2469 774 liber
2512 705 2598 772 36
2635 709 2905 772 initium
2945 713 3092 785 est,

688 817 803 880 vix
864 813 1185 880 credibile.
1273 817 1363 880 At
1421 813 1842 880 nihilominus
1903 835 2037 879 rem
2100 816 2196 879 ite
2255 834 2393 879 sese
2453 812 2686 880 habere
2739 817 2806 878 et
2851 833 2934 878 ex
2977 813 3096 876 his

690 942 893 989 unum
938 920 1137 986 libros
1188 919 1451 986 36-41
1503 941 1581 986 ex
1622 920 1752 986 alio
1790 921 2004 987 codice
2043 919 2436 1006 supplevisse
2477 925 2539 984 et
2579 919 2660 985 ab
2701 937 2774 984 eo
2809 918 3092 984 demum

688 1033 929 1093 ceteros
968 1047 1103 1092 esse
1140 1025 1483 1113 descriptos
1520 1029 1880 1093 certissimo
1927 1027 2396 1094 demonstratur
2441 1029 2823 1120 argumento
2837 1071 2858 1104 ‚
2909 1025 3092 1110 quod

690 1136 759 1198 in
806 1133 1019 1200 codice
1066 1131 1351 1199 Mediceo
1400 1143 1442 1198 Β
1495 1132 1902 1200 describendo
1949 1153 2100 1200 mox
2148 1131 2511 1218 prolaturus
2557 1151 2723 1197 sum.

1345 1343 1561 1412 Codex
1606 1343 1940 1412 Mediceus
1983 1356 2029 1410 B
2083 1342 2197 1428 (¹70
2213 1393 2228 1424 ,
2286 1344 2420 1430 10).

782 1559 1311 1626 Membrsnaceus
1373 1564 1499 1636 est,
1554 1559 1795 1624 formae
1841 1557 2184 1644 quadratae
2203 1603 2224 1637 ‚
2267 1556 2570 1624 foliorum
2618 1555 2748 1622 361
2768 1602 2786 1634 ‚
2839 1553 3090 1622 saeculi

690 1665 855 1744 XV,
891 1665 1129 1731 litteris
1174 1663 1549 1735 minusculis
1594 1665 1984 1731 nitidissime
2023 1665 2427 1750 perscriptus.
2477 1655 2557 1730 F.
2598 1664 2631 1729 1
2675 1665 2768 1729 sic
2809 1664 3044 1748 incipit
3061 1685 3084 1728 z

1198 1769 1399 1841 δίωνος
1453 1775 1770 1836 κοκκιοινοῦ
1816 1773 2132 1853 ρωμιικῶν
2179 1769 2433 1848 βιβλίον
2475 1771 2599 1850 (ιβ’

1113 1879 1147 1953 ἦ
1194 1879 1311 1954 μὲν
1356 1871 1455 1942 οὖν
1500 1879 1688 1958 (auxit
1736 1901 1795 1942 κ.
1823 1903 1884 1942 τ.
1909 1891 1968 1942 λ.

692 1983 884 2051 Initio
962 1983 1303 2050 mutilatus
1378 2004 1505 2051 non
1582 1991 1677 2048 est
1757 1989 1832 2048 ut
1901 1985 2394 2068 quaternionum
2463 1985 2720 2048 numeri
2785 1983 3078 2067 probent.

694 2091 859 2156 Data
922 2109 1113 2176 opere
1172 2091 1377 2176 igitur
1441 2092 1551 2175 qui
1615 2091 1786 2155 hunc
1849 2090 2128 2156 codicem
2189 2091 2446 2176 scripsit
2487 2087 2594 2154 vel
2638 2089 2911 2155 describi
2957 2089 3084 2153 sibi

692 2197 883 2262 iussit
939 2195 1089 2261 inde
1146 2215 1183 2260 a
1229 2216 1446 2283 pugna
1493 2194 1888 2274 Pharsalica,
1937 2217 2064 2282 qus
2106 2198 2240 2262 iam
2287 2193 2516 2262 Caesar
2561 2215 2819 2262 summa
2861 2214 3078 2260 rerum

692 2304 935 2387 potitus
992 2307 1091 2366 est
1110 2349 1127 2379 ,
1188 2301 1447 2366 initium
1512 2301 1717 2368 facere
1778 2304 2082 2369 instituit.
2168 2301 2376 2367 Verba
2435 2300 2672 2367 ultima
2737 2301 2882 2372 τοὺς
2949 2299 3078 2378 γὰρ

692 2407 979 2485 μύκητας
1036 2409 1177 2473 θεῶν
1222 2408 1451 2488 βρῶμα
1503 2405 1720 2486 ἔλεγεν
1769 2402 1920 2473 εἶναι
1943 2455 1960 2484 ,
2008 2402 2098 2472 ὅτι
2149 2407 2255 2472 καὶ
2307 2409 2522 2480 ἐκεῖνος
2570 2406 2674 2472 διὰ
2721 2411 2829 2472 τοῦ
2875 2404 3078 2484 μύκη-

694 2538 793 2587 τος
856 2513 983 2587 θεὸς
1046 2514 1323 2593 ἐγεγόνει
1391 2512 1489 2599 (L.
1554 2513 1641 2578 60
1714 2513 1840 2601 ex.)
1913 2515 2330 2582 inveniuntur
2387 2515 2433 2579 f.
2501 2511 2678 2579 359‘.
2775 2511 3080 2600 Sequitur

693 2628 911 2689 eutem
959 2620 1110 2687 folio
1155 2621 1389 2686 ultimo
1439 2620 1878 2708 fragmentum
1927 2643 1961 2687 e
2009 2620 2329 2689 Ciceronis
2375 2642 2522 2686 cum
2562 2619 2846 2685 Philisco
2887 2616 3080 2684 collo-

694 2731 881 2815 quio,
929 2728 1099 2815 quod
1146 2748 1185 2794 a
1229 2726 1431 2793 Dione
1469 2730 1537 2792 in
1572 2727 1737 2793 libro
1779 2726 1865 2793 38
1889 2733 2216 2805 narratur,
2247 2728 2390 2793 inde
2417 2748 2455 2793 a
2485 2727 2690 2794 verbis
2715 2727 2821 2791 οὐκ
2843 2723 3076 2806 αἰσχύ-

694 2859 795 2918 νῃ,
852 2832 1010 2911 ἔφη,
1060 2830 1101 2897 ὦ
1152 2834 1408 2913 Κικέρων
1454 2835 1533 2919 (c.
1591 2832 1708 2911 18,
1765 2835 1831 2920 1)
1879 2854 2082 2921 usque
2127 2834 2208 2899 ad
2253 2856 2307 2899 c.
2355 2832 2482 2910 21,
2531 2832 2574 2899 2
2620 2834 2823 2905 κακῶς
2871 2834 3065 2905 αὐτῆς

694 2941 957 3021 ἐχούσης
1019 2944 1106 3017 μὴ
1156 2942 1221 3006 οὐ
1246 2990 1263 3017 ,
1314 2942 1695 3025 inscriptum
1745 2941 1811 3005 ἐκ
1859 2947 1964 3005 τοῦ
2013 2941 2093 3013 ’Χῆ
2143 2949 2254 3015 τῆς
2304 2939 2498 3011 blavae
2549 2942 2857 3020 ῥωμαιιιῆς
2907 2938 3074 3003 ἱστο-

697 3048 848 3127 ρίαις.
920 3046 1131 3125 Haec,
1178 3068 1341 3133 quae
1386 3046 1603 3111 addite
1650 3047 1953 3113 videntur
1996 3069 2074 3113 ne
2120 3067 2541 3135 pergamenae
2588 3065 2732 3131 pars
2772 3065 2937 3130 pura
2976 3064 3078 3110 re-

697 3158 982 3219 maneret
1009 3150 1097 3235 1),
1154 3152 1223 3218 id
1281 3158 1449 3218 certe
1511 3154 1693 3218 nobis
1765 3151 2199 3219 demonstrent
2245 3152 2582 3219 librarium
2629 3152 2842 3217 codice
2887 3171 3081 3216 usum

698 3278 829 3324 esse
887 3260 999 3343 qui
1062 3260 1301 3342 priores
1347 3278 1599 3346 quoque
1644 3256 1840 3324 libros
1891 3258 1976 3324 36
1995 3260 2155 3323 -41
2207 3258 2552 3324 exhiberet.
2623 3258 2816 3323 Hunc
2863 3262 3080 3324 autem

695 3364 938 3430 librum
986 3364 1334 3429 Mediceum
1385 3374 1443 3429 A
1490 3364 1687 3429 fuisse
1734 3363 1840 3430 vel
1890 3385 1967 3430 ex
2015 3366 2224 3430 tribus
2269 3363 2513 3431 lacunis
2563 3363 2841 3429 Medicei
2885 3373 2930 3428 Β
2977 3365 3081 3427 in-

697 3469 1053 3556 tellegitur,
1124 3471 1359 3556 quibus
1420 3491 1583 3557 quae
1644 3494 1762 3535 uno
1824 3494 1998 3537 versu
2061 3473 2128 3535 in
2190 3470 2481 3538 Mediceo
2553 3483 2601 3536 A
2679 3474 3084 3536 continentur

696 3579 933 3643 omissa
980 3581 1167 3641 sunt:
1216 3576 1337 3655 43,
1383 3576 1489 3660 51,
1535 3580 1574 3641 3
1617 3576 1722 3641 καὶ
1775 3578 1835 3650 ἐς
1885 3578 1998 3654 μὲν
2045 3580 2114 3644 τὸ
2161 3584 2392 3655 πρῶτον
2436 3576 2566 3651 ἔτος
2614 3578 2905 3655 <rotulae
2942 3598 3081 3639 τεσ·

699 3682 1051 3763 σαράκοντοι
1099 3685 1634 3763 προεχειρίσθησαν
1684 3680 1884 3763 ὥσπερ
1933 3686 2105 3756 xxi>
2150 3683 2432 3765 πρότερον
2477 3684 2602 3769 44,
2651 3682 2774 3759 20,
2831 3684 2867 3747 1
2919 3681 3072 3746 πάν·

695 3814 798 3862 τες
860 3792 937 3862 ὥς
1007 3790 1112 3854 καὶ
1178 3789 1616 3861 κινδυνεύοντες
1684 3792 2095 3871 ἐταράσσοντο
2163 3792 2331 3872 <nai
2397 3790 2576 3855 αὐτοὶ
2640 3814 2710 3854 τε
2761 3790 2821 3861 ἐς
2867 3791 3082 3869 <purim

696 3892 981 3974 ὅρμησαν
1048 3892 1083 3976 ᾖ
1144 3892 1403 3967 ἕκαστος
1466 3896 1782 3966 seduno>
1842 3897 1948 3962 καὶ
2013 3896 2153 3968 τοὺς
2219 3894 2814 3979 προστυγχάνων-ὥς
2868 3904 3082 3974 σφισιν

698 4000 1074 4079 ἐξέπλησσον
1122 4004 1245 4080 44,
1296 4002 1377 4067 81
1404 4050 1420 4082 ,
1472 4002 1513 4066 3
1560 4003 1700 4068 οὔτε
1749 4003 1971 4069 πολλοί
2015 4025 2110 4068 πω
2157 4004 2601 4079 συνεστήκασιν
2647 4000 2709 4067 οἵ
2744 4025 2816 4065 τε
2855 4023 3082 4075 κεκινη-

697 4108 861 4185 μένοι
923 4109 1134 4191 <οὕτε
1202 4112 1804 4184 πεπλεονεκτήκοισιν
1869 4109 1986 4174 ἀπ’
2059 4109 2352 4185 ἀλλήλων
2423 4107 2550 4175 οὔτ’
2623 4106 3080 4185 &Adfusus-aa>

767 4308 821 4373 1)
856 4307 1129 4366 Librarius,
1165 4324 1252 4374 per
1284 4311 1442 4358 totum
1476 4308 1683 4357 codicem
1717 4323 1904 4374 semper
1939 4306 2331 4371 quaternionibus
2365 4322 2501 4365 usus,
2537 4322 2647 4356 cum
2673 4306 2734 4355 ed
2759 4304 2917 4371 operis
2941 4306 3082 4353 finem
3132 4343 3141 4355 .

696 4406 845 4457 paene
888 4390 1179 4457 pervenisset
1223 4406 1309 4441 uec
1350 4392 1458 4457 plus
1503 4392 1597 4441 duo
1642 4391 1718 4441 vel
1768 4392 1865 4441 triu
1909 4390 2027 4440 solis
2061 4390 2106 4439 ei
2141 4388 2448 4439 describenda
2479 4390 2802 4455 superessent,
2839 4386 3078 4437 binionem

695 4476 938 4540 postremo
972 4472 1063 4523 sibi
1096 4474 1317 4539 sumpsit.
