3436 5161
1395 416 1716 466 Romus.
1854 453 1861 460 .
1949 377 1955 384 ⁹
2626 395 2747 459 21]

356 587 456 654 Ad
502 605 692 670 quam
746 584 1199 650 correctionem
1248 583 1554 648 tuendam
1603 577 1829 668 magni
1877 581 2067 665 pretii
2108 584 2204 644 est
2242 577 2525 646 scholion
2565 582 2761 644 muti-

354 693 562 758 latum
605 691 687 756 ad
733 707 773 756 λ
823 691 951 755 221
977 737 992 767 ,
1045 691 1122 755 de
1162 709 1286 774 quo
1324 688 1684 754 conferatur
1727 684 2006 754 Cobetus
2046 688 2113 750 in
2138 685 2557 773 Mnemosyne
2587 683 2763 752 1873

357 819 503 885 pag.
559 795 662 861 13.
737 796 834 861 Ex
880 797 999 860 hoc
1055 796 1226 860 enim
1277 793 1517 860 scholio
1566 793 1909 876 discimus,
1960 791 2097 859 loco
2146 791 2405 858 laudato
2452 811 2563 876 pro
2612 812 2761 857 vera

355 905 625 969 lectione
683 901 953 978 δείματ’
1018 901 1150 965 ἐπεὶ
1218 902 1296 967 ab
1357 899 1502 966 aliis
1567 897 1885 976 δάμναται
1954 900 2031 969 ὥς
2094 897 2334 965 lectum
2398 897 2630 976 fuisse,
2682 899 2760 962 ab

356 1008 503 1076 aliis
554 1009 762 1090 δαμνᾷ
815 1008 968 1073 ἐπεί.
1043 1007 1176 1073 Nec
1223 1009 1358 1072 sine
1399 1005 1686 1072 utilitate
1733 1005 2003 1072 conferri
2051 1009 2259 1091 potest
2305 1013 2352 1069 Z
2408 1001 2573 1070 149:

723 1110 799 1186 ὦς
849 1114 1070 1194 ἀνδρῶν
1117 1117 1299 1192 γενεὴ
1355 1111 1388 1184 ἣ
1437 1113 1822 1193 μὲνφύει,
1876 1101 1909 1184 ἣ
1960 1111 2012 1176 δ’
2063 1111 2414 1191 ἀπολήγει,

357 1241 506 1286 nam
555 1221 675 1286 hoc
723 1241 972 1306 quoque
1009 1219 1146 1286 loco
1186 1221 1398 1286 activa
1437 1220 1641 1285 forma
1682 1219 2033 1283 substituta
2072 1224 2168 1283 est
2192 1217 2433 1282 formae
2456 1216 2753 1300 mediali,

354 1348 468 1413 per
513 1327 842 1394 elisionem
886 1325 1434 1413 pronunciandae;
1489 1341 1867 1392 SUCORRSGH·
1909 1325 2106 1388 altera
2143 1333 2308 1388 aetas
2326 1371 2341 1400 ,
2384 1324 2583 1388 altera
2624 1346 2757 1386 eva-

353 1435 575 1504 nescit:
627 1435 880 1499 omnino
928 1435 1134 1520 igitur
1180 1432 1582 1498 scribendum
1634 1437 1731 1497 est
1771 1429 2013 1512 φύεθ’,
2056 1431 2181 1494 nisi
2222 1429 2365 1514 quis
2400 1426 2758 1493 scholiastis

357 1541 603 1624 credat,
654 1539 874 1605 eodem
922 1539 1126 1605 redire
1176 1539 1355 1619 φύειν
1403 1542 1468 1602 et
1507 1538 1797 1618 φύεσθαι.
1847 1535 2017 1621 (Non
2041 1537 2253 1600 minus
2277 1532 2600 1600 mirabilia
2621 1532 2755 1620 legi

356 1649 620 1732 possunt
663 1647 730 1710 in
779 1643 1022 1732 Heynii
1070 1644 1346 1709 editione
1393 1642 1447 1707 V
1497 1662 1645 1729 pag.
1697 1639 1858 1727 213)
1888 1641 1963 1720 Ι).
2406 1663 2409 1666 ’

451 1856 650 1922 Plura
710 1855 1004 1941 exempla
1063 1855 1362 1943 colligere
1426 1843 1819 1940 supersedeo.
1895 1853 2070 1935 Quae
2117 1852 2309 1920 attuli
2352 1875 2531 1940 spero
2579 1855 2744 1921 suffi-

359 1985 498 2030 cere
558 1962 637 2028 ad
681 1963 750 2028 id
795 1963 962 2048 quod
1011 1962 1303 2028 volebam
1351 1960 1758 2028 vincendum.
1831 1960 2013 2027 Talia
2060 1964 2232 2026 enim
2280 1965 2336 2027 si
2384 1965 2749 2029 etiamnunc

361 2073 700 2154 supersunt
745 2071 811 2133 in
860 2073 1043 2133 textu
1091 2071 1202 2153 qui
1249 2068 1328 2134 ad
1371 2088 1486 2133 nos
1523 2069 1814 2153 pervenit
1855 2071 2137 2133 monstra
2175 2067 2505 2145 informia,
2546 2069 2747 2134 horri-

361 2175 517 2241 bilia
561 2177 706 2242 visu
725 2225 743 2259 ,
790 2194 915 2239 non
963 2174 1262 2240 audaciae
1309 2179 1404 2238 est
1448 2174 1756 2258 profectO,
1800 2173 2131 2239 verborum
2180 2174 2579 2241 traiectiones
2618 2183 2749 2242 teu-

363 2286 497 2346 tare
545 2281 752 2346 sicubi
799 2301 939 2365 spes
987 2281 1073 2344 sit
1119 2286 1322 2346 metro
1369 2285 1482 2344 aut
1528 2280 1875 2344 sententiae
1911 2279 2031 2344 hac
2072 2281 2177 2345 via
2197 2299 2375 2365 posse
2400 2283 2745 2348 subveniri.

453 2385 719 2451 Initium
773 2387 980 2473 igitur
1023 2386 1334 2451 faciamus
1382 2388 1461 2451 ab
1513 2396 1566 2450 A
1617 2384 1785 2451 294:

675 2491 727 2556 el
778 2490 848 2565 δὴ
897 2492 984 2556 σοὶ
1034 2495 1161 2557 πᾶν
1208 2493 1406 2571 νέργον
1459 2491 1793 2568 ὑπείξομαι
1842 2485 1973 2556 ὅττι
2022 2516 2090 2556 κε
2139 2491 2362 2574 νείκης.

357 2598 648 2666 Verbum
710 2599 919 2664 nium
980 2598 1160 2664 nullo
1214 2596 1352 2663 loco
1399 2596 1747 2664 Homerico
1795 2603 1964 2664 caret
2013 2599 2409 2686 digammate
2456 2602 2579 2667 nisi
2624 2602 2745 2669 hoc

357 2724 526 2781 uno;
591 2725 808 2770 veram
867 2707 1074 2791 igitur
1131 2704 1516 2790 scripturam
1577 2724 1710 2769 esse
1768 2702 2157 2781 ὐποεείξομαι
2207 2712 2499 2791 apparet,
2546 2729 2740 2793 quam

358 2812 692 2877 restituere
735 2810 890 2875 licet
933 2812 988 2875 si
1034 2812 1246 2876 verbis
1293 2809 1480 2875 aliter
1527 2810 1851 2893 dispositis
1892 2810 2265 2876 scribimus:

629 2920 680 2983 εἰ
731 2915 802 2992 δὴ
851 2919 978 2981 πᾶν
1025 2914 1226 2997 νέργον
1271 2915 1333 2980 ο·’
1385 2913 1812 2994 &werel-fouent,
1867 2912 1999 3017 ὅτ’ξι
2048 2941 2118 2982 κε
2170 2918 2366 2999 νείκης
2394 2916 2467 3005 9.).

357 3129 708 3198 Simillimo
754 3131 821 3194 ni
869 3127 1056 3195 fallor
1102 3130 1262 3195 vitio
1309 3128 1554 3195 laborat
1601 3138 1658 3193 A
1705 3127 1873 3194 443:

631 3234 836 3301 παῖδά
880 3260 949 3301 τε
999 3234 1087 3299 σοὶ
1136 3234 1414 3320 ἀγέμεν,
1464 3234 1666 3317 Φοίβῳ
1711 3236 1763 3300 θ’
1807 3236 1965 3316 ἱερὴν
2020 3236 2379 3314 ἑκατόμβην

630 3340 800 3423 ῥέξαι
849 3342 996 3420 ὑπὲρ
1045 3346 1327 3406 Δαναῶν.

355 3448 501 3515 Non
561 3468 688 3515 uno
747 3450 1005 3515 nomine
1063 3446 1358 3530 displicet
1421 3446 1713 3512 hiulcum
1776 3444 1943 3513 illud
1988 3448 2077 3512 σοὶ
2130 3449 2409 3535 ἀγέμεν,
2457 3472 2571 3537 pro
2616 3475 2741 3539 quo

355 3558 664 3622 aoristum
726 3557 940 3640 potius
999 3556 1448 3638 expectaveris.
1541 3552 1636 3617 Ex
1703 3574 1891 3620 versu
1940 3564 1998 3619 Ψ
2050 3554 2137 3619 50
2189 3556 2436 3623 medela
2484 3559 2740 3626 videtur

356 3661 627 3747 petenda
671 3680 836 3727 esse:

425 3860 480 3926 1)
515 3861 701 3909 Notata
735 3858 958 3923 dignum,
994 3856 1118 3922 apud
1157 3855 1506 3905 Mimnermum
1539 3856 1600 3905 fr.
1637 3856 1668 3905 2
1704 3856 1909 3906 eundem
1944 3872 2194 3907 occurrere
2228 3874 2468 3911 err-crema

697 3946 716 3955 “
875 3942 1011 4008 ἡμεῖς
1049 3939 1093 3993 δ’
1135 3934 1215 3994 οἶά
1253 3962 1314 3993 τε
1349 3940 1521 4008 φῦλλα
1562 3941 1710 4008 φύει
1750 3944 2036 4003 πολυανθέος
2081 3944 2174 4013 ὥρῃ

878 4034 1041 4099 ἵαρος,
1083 4030 1160 4084 ibn-³
1201 4028 1310 4095 oelss'
1349 4028 1534 4100 oet’aeyfie’
1575 4029 1785 4094 αἰίξεται
1824 4035 2016 4095 ἠελίου,

876 4120 1006 4176 ro‘a‘c'
1039 4122 1193 4175 ’ἴκελοι
1225 4130 1315 4176 etc.

355 4216 598 4285 Oorrupta
639 4222 802 4267 tamen
844 4217 960 4267 hacc
1003 4232 1102 4267 csse
1145 4218 1330 4266 constat
1373 4215 1503 4266 inter
1547 4232 1735 4277 numer,
1787 4212 1880 4279 ὅρη
1933 4232 2041 4265 cum
2087 4216 2439 4269 Schneidewino
2490 4218 2741 4285 legendum

352 4316 451 4351 esus
482 4300 686 4350 videtur.

423 4390 474 4451 2)
508 4389 754 4439 Nauckius
788 4388 994 4439 correxit
1028 4387 1070 4438 εἰ
1105 4386 1184 4437 σοὶ
1220 4390 1319 4437 πᾶν
1359 4385 1527 4450 πέργσν
1567 4382 1885 4449 ὑποείξομαι,
1921 4403 2118 4452 eamque
2144 4388 2463 4439 coniecturam
2481 4406 2509 4440 a
2526 4390 2739 4442 Chr-istic

355 4477 491 4527 video
525 4477 576 4526 in
611 4480 796 4527 textum
829 4493 928 4527 esse
958 4481 1221 4545 receptam,
1257 4477 1310 4527 in
1343 4494 1438 4543 qua
1471 4482 1632 4528 tamen
1663 4478 1823 4528 minus
1856 4478 2011 4543 placet
2041 4476 2221 4541 syllaba
2252 4494 2329 4527 -ον
2362 4481 2607 4545 producta,
2627 4497 2735 4534 cum

356 4575 454 4610 non
490 4560 675 4611 desinat
706 4560 758 4610 in
793 4576 849 4609 sa
883 4562 1054 4613 oratio.
