3436 5161
991 1221 1710 1330 ·OBSERVATIONES
1771 1222 2175 1298 CRITICAE

1562 1467 1625 1524 Ψ

984 1675 1505 1782 FLAVIUM
1608 1676 1665 1781 J
1668 1674 2228 1782 OSEPHUM.

1463 1951 1747 2004 sontPsrr

1318 2169 1388 2239 S.
1432 2172 1507 2237 A.
1559 2169 1870 2238 NABER..

1413 2458 1779 2496 .-..ο..-.-

497 2712 762 2785 Flavius
803 2710 842 2778 J
847 2712 1118 2798 osephus
1137 2760 1153 2790 ‚
1201 2714 1257 2777 si
1300 2712 1454 2797 quid
1501 2712 1887 2777 testimoniis
1934 2709 2253 2776 credimus
2273 2756 2290 2787 ,
2338 2726 2499 2794 quae
2544 2708 2789 2776 Havet-

407 2821 699 2905 campius
759 2839 1002 2884 morem
1067 2817 1304 2884 saeculi
1365 2822 1620 2883 secutus
1639 2865 1658 2903 ,
1717 2815 2063 2904 diligenter
2124 2815 2457 2901 descripsit
2516 2816 2663 2882 inde
2711 2818 2789 2882 ab

405 2921 442 2989 J
449 2928 662 2989 ustino
707 2924 998 3011 Martyre
1041 2945 1242 3009 usque
1288 2923 1369 2988 ad
1413 2932 1662 2989 renatas
1702 2922 1920 2989 literas
1938 2970 1954 3001 ‚
1996 2920 2555 2987 celeberrimorum
2597 2924 2790 3007 scrip·

408 3032 624 3094 torum
687 3028 910 3095 laudes
972 3031 1027 3094 si
1087 3050 1212 3095 non
1273 3030 1631 3113 superavit,
1679 3035 1849 3094 certe
1892 3029 2211 3113 aequavit.
2282 3026 2499 3092 Bonus
2544 3028 2671 3093 fuit
2718 3050 2789 3094 ac

408 3132 598 3221 plane
659 3138 995 3223 egregius3
1067 3134 1624 3219 eloquentissimus
1692 3156 1765 3199 ac
1834 3131 2116 3200 Graecus
2180 3132 2426 3199 Livius.
2520 3132 2793 3200 Summa

408 3238 564 3304 fides
613 3246 742 3317 est,
793 3260 1048 3305 summa
1093 3242 1454 3327 integritas,
1523 3238 1661 3305 Nec
1708 3239 2061 3305 mediocres
2106 3241 2231 3325 ipsi
2276 3244 2457 3326 sunt,
2498 3239 2609 3326 qui
2656 3246 2792 3306 tam

408 3344 832 3410 immoderate
890 3344 1174 3411 laudant.
1261 3344 1489 3411 Veluti
1550 3348 1684 3430 ipse
1757 3343 2046 3432 Scaliger
2112 3345 2409 3411 audacter
2478 3346 2788 3432 affirmat,

407 3470 534 3513 non
581 3447 787 3514 solum
837 3452 904 3514 in
951 3451 1138 3515 rebus
1185 3447 1509 3527 «Iudaicis,
1561 3449 1669 3514 sed
1717 3449 1909 3514 etiam
1962 3452 2031 3514 in
2079 3454 2391 3534 externis,
2439 3452 2645 3517 tutius
2692 3452 2795 3516 illi

409 3554 581 3619 credi
644 3575 838 3639 quam
898 3558 1194 3620 omnibus
1252 3553 1513 3622 Graecis
1576 3560 1642 3619 et
1686 3553 1955 3620 Latinis.
2027 3554 2389 3621 Secundum
2444 3555 2789 3643 Hugonem

410 3658 714 3727 Grotium
774 3658 1050 3746 Josepho
1112 3681 1350 3747 magna
1415 3658 1568 3725 fides
1630 3660 1849 3725 haberi
1914 3659 2101 3725 debet
2162 3664 2227 3724 in
2275 3661 2463 3726 rebus
2519 3661 2795 3727 Herodis

409 3766 640 3855 Magni
701 3773 766 3831 et
829 3766 1151 3852 deinceps3
1221 3768 1379 3830 item
1445 3766 1558 3831 ubi
1621 3776 1912 3830 externos
1973 3770 2297 3843 auctores,
2347 3786 2472 3831 non
2516 3766 2631 3830 ubi
2674 3765 2794 3832 Ju-

411 3872 598 3938 daeos
645 3871 856 3937 multa
902 3874 968 3937 in
1017 3871 1284 3937 historia
1329 3869 1546 3936 contra
1590 3890 1815 3935 verum
1866 3872 2255 3936 somniantes
2300 3874 2601 3955 sequitur.
2670 3872 2796 3951 Qui

408 3976 760 4061 Josephum
784 4024 800 4054 ‚
865 3981 1076 4062 inquit
1099 4026 1116 4055 ,
1183 3982 1318 4043 tam
1383 3975 1763 4062 diligentem
1809 3996 2021 4040 rerum
2066 3974 2105 4041 J
2110 3975 2478 4041 udaicarum
2524 3977 2795 4062 inquisi-

409 4089 616 4149 torem
681 4091 744 4149 et
807 4086 912 4148 cui
972 4082 1260 4149 Romana
1328 4101 1577 4169 quoque
1645 4080 1933 4147 Archiva
2000 4088 2345 4167 patuerunt
2368 4132 2383 4158 ,
2459 4083 2793 4167 deceptum

411 4194 679 4275 putant,
739 4210 845 4255 eos
909 4192 1078 4275 ipsos
1141 4187 1328 4254 valde
1393 4188 1601 4273 decipi
1660 4188 1952 4253 arbitror.
2037 4185 2213 4253 Idem
2278 4186 2388 4253 ille
2439 4186 2752 4275 Josephus
2776 4238 2791 4265 ,

411 4315 536 4380 quo
585 4295 778 4360 altius
825 4298 892 4359 in
941 4294 1192 4360 coelum
1241 4300 1499 4360 evectus
1545 4294 1706 4379 fuit,
1754 4314 1827 4359 eo
1875 4296 2115 4379 majore
2161 4295 2345 4359 ruina
2390 4301 2607 4378 postea
2646 4316 2795 4359 con-

411 4401 590 4467 cidit.
661 4399 938 4466 Mendax
998 4400 1203 4466 factus
1265 4405 1361 4465 est
1424 4405 1488 4464 et
1549 4399 1841 4465 adulator
1886 4405 1953 4464 et
1999 4397 2254 4464 aniliter
2298 4398 2531 4485 loquax
2579 4405 2641 4466 et
2690 4423 2795 4466 ne-

411 4506 704 4596 gligens:
771 4511 848 4573 ut
907 4508 1102 4574 verbo
1149 4507 1394 4593 dicam,
1435 4508 1623 4591 juxta
1668 4527 1819 4571 cum
1864 4504 2106 4571 infimis
2152 4507 2364 4573 sordet
2410 4512 2473 4571 et
2521 4513 2797 4574 contem-
