3436 5161
1355 423 1757 474 mono-rus.
2667 402 2755 471 59

367 594 562 660 verba
603 591 900 672 Φαμένων
945 588 1097 660 εἶναι
1145 552 1448 671 dadanum*
1489 598 1553 657 et
1598 591 1913 657 scribam:
1975 588 2446 668 ἐπιγέγραπται
2494 596 2753 654 AAKE·

368 707 928 779 ΔΑΙΜΟΝΙΩΝ,
993 700 1102 765 οὐκ
1161 699 1334 779 ὀρθῶς
1403 696 1433 763 ἓ
1447 720 1543 779 χο
1560 722 1610 763 ν.
1705 695 1813 762 Sic
1873 695 2120 781 reliqua
2180 696 2536 761 rectissime
2602 692 2751 759 addi

366 810 731 891 potuerunt.

454 984 620 1076 Agit
663 985 1024 1053 Herodotus
1069 987 1104 1052 Ι
1153 984 1238 1053 57
1287 986 1364 1053 de
1411 985 1712 1069 dialectO,
1768 1004 1895 1070 qua
1940 982 2199 1071 Pelasgi
2244 985 2599 1068 antiquitus
2645 985 2748 1051 usi

368 1098 553 1157 sunt:
616 1093 668 1158 εἰ
732 1093 996 1159 τούτοισι
1055 1092 1527 1172 τεκμαιρόμενον
1595 1090 1692 1157 δεῖ
1746 1090 1993 1174 λέγειν,
2052 1085 2144 1164 ἥσ
2167 1112 2211 1153 α
2232 1114 2262 1155 ν
2322 1092 2374 1155 οἱ
2422 1088 2747 1167 Πελασγοὶ

363 1198 683 1278 βάρβαρον
745 1205 1038 1278 γλῶσσαν
1086 1198 1300 1273 ἱέντες.
1371 1198 1552 1265 Facit
1607 1200 2069 1282 conjecturam,
2138 1198 2241 1261 uti
2298 1194 2513 1272 vides,
2570 1199 2635 1260 et
2680 1195 2749 1259 in

362 1303 480 1370 tali
541 1313 920 1393 argumento
979 1310 1078 1372 est
1135 1308 1333 1373 moris
1378 1307 1472 1371 ita
1518 1305 1759 1371 dicere:
1806 1301 2097 1376 εἴησαν
2144 1298 2257 1365 ἄν.
2332 1300 2460 1388 Egi
2507 1299 2583 1366 de
2630 1301 2751 1367 hoc

363 1410 504 1477 loco
550 1412 774 1477 Mnem.
821 1411 913 1477 IV
962 1412 1002 1477 9
1049 1418 1114 1478 et
1159 1412 1330 1478 locos
1377 1410 1620 1486 addidi,
1673 1410 1905 1494 quibus
1952 1407 2171 1474 eodem
2219 1406 2409 1473 modo
2461 1406 2745 1473 Herodo-

367 1522 474 1582 tus
518 1516 770 1584 locutus
815 1524 942 1596 est,
991 1517 1100 1585 sed
1145 1539 1314 1583 nunc
1359 1536 1606 1603 quoque
1649 1514 1885 1581 accidit
1929 1512 2099 1599 quod
2143 1532 2328 1599 saepe
2365 1512 2524 1579 alias
2541 1560 2559 1593 ,
2596 1533 2747 1579 nam

367 1621 533 1688 nihil
585 1623 818 1689 horum
865 1622 1110 1690 Steinio
1157 1624 1422 1710 probare
1465 1623 1666 1707 potui.

459 1816 556 1885 De
611 1817 912 1905 Lycurgo
973 1819 1275 1885 scribitur
1330 1818 1365 1883 Ι
1426 1816 1547 1883 65:
1605 1815 1915 1897 μετέςησε
1960 1818 2045 1883 τὰ
2093 1817 2328 1893 νόμιμα
2379 1814 2593 1880 πάντα
2644 1814 2751 1880 καὶ

371 1921 742 2003 ἐφύλαξε
788 1928 999 1989 ταῦτα
1045 1924 1135 2001 μῆ
1182 1924 1616 2003 παραβαίνειν.
1688 1921 2033 1989 Contendit
2068 1921 2349 1988 Steinius
2384 1920 2529 1988 coll.
2569 1920 2624 1986 V
2662 1920 2751 1987 92

366 2028 770 2095 scribendum
820 2051 954 2097 esse
999 2030 1520 2111 παραβαίνεσθαι.
1592 2028 1664 2095 si
1710 2029 1867 2114 quid
1918 2034 2013 2094 est
2056 2026 2475 2111 mutandum,
2520 2027 2747 2093 viden-

364 2135 521 2200 dum
583 2140 680 2201 est
740 2157 897 2201 num
959 2136 1122 2203 forte
1177 2142 1490 2223 praestet:
1558 2134 1807 2212 ἔταξε
1866 2138 2079 2199 ταῦτα
2145 2134 2234 2210 μῆ
2304 2132 2735 2213 παραβαίνειν.

367 2238 490 2307 Sed
535 2241 704 2307 nihil
750 2240 1000 2309 definio.

452 2421 596 2489 Non
643 2442 792 2488 sane
839 2424 1192 2511 exagitavit
1239 2422 1430 2491 Solon
1477 2425 1617 2495 τοὺς
1667 2446 1777 2488 πα
1795 2422 1884 2502 ρὰ
1925 2422 2112 2504 σφίσι
2152 2423 2391 2488 αὐτοῖσι
2433 2418 2751 2493 δοκέοντας

364 2528 610 2608 ὀλβίους
658 2524 832 2595 εἶναι.
903 2528 1310 2616 scripsissem
1355 2529 1687 2616 equidem:
1736 2528 2034 2610 κάρτα.

457 2725 800 2794 Contendit
857 2724 1140 2792 Steinius
1201 2726 1236 2790 Ι
1298 2725 1384 2791 98
1446 2731 1510 2792 et
1556 2726 1711 2793 alibi
1758 2731 2062 2812 perpetuo
2079 2774 2095 2804 ,
2148 2729 2473 2792 ἑσσοῦσθαι
2521 2726 2746 2793 Ionum

365 2851 532 2909 esse,
595 2831 706 2896 sed
765 2831 1153 2916 adjectivum
1216 2831 1408 2906 ἥσσων
1470 2853 1604 2897 esse
1661 2833 2065 2898 scribendum
2092 2881 2107 2907 ,
2174 2852 2375 2917 quum
2434 2831 2625 2897 ἕσσων
2684 2836 2752 2897 in

361 2937 682 3003 codicibus
744 2957 1058 3022 nusquam
1121 2945 1502 3024 compareat.
1583 2939 1753 3004 Fieri
1812 2945 2021 3024 potest
2065 2945 2140 3004 ut
2185 2945 2402 3005 contra
2449 2941 2741 3005 omnium

361 3043 652 3110 codicum
701 3063 1071 3109 consensum
1117 3043 1284 3110 nihil
1330 3044 1712 3110 mutandum
1760 3047 1880 3128 sit,
1936 3065 2325 3130 quamquam
2365 3048 2607 3111 mirum
2656 3046 2739 3112 sit

366 3147 561 3225 ἥσσων
623 3151 706 3214 iis
765 3151 1048 3235 potuisse
1103 3148 1377 3234 placere,
1431 3151 1541 3236 qui
1589 3158 1807 3217 tamen
1856 3155 2344 3236 pronunciarent
2392 3153 2743 3229 ἑσσοῦσθαι,

363 3255 472 3321 sed
535 3253 832 3320 confiteor
893 3255 1100 3322 multa
1167 3275 1302 3320 esse
1365 3257 1712 3341 ejusmodi,
1761 3276 2029 3342 quorum
2080 3257 2389 3323 rationem
2438 3258 2607 3323 haud
2656 3259 2749 3324 ita

365 3360 552 3428 facile
611 3363 961 3446 perspicere
1019 3363 1240 3446 possis.
1331 3361 1614 3427 Velimus
1677 3361 1958 3428 nolimus
2014 3364 2337 3428 interdum
2388 3364 2749 3452 analogiam

367 3464 559 3531 fidam
613 3467 837 3532 ducem
888 3466 1242 3532 deserimus
1289 3473 1354 3532 et
1399 3469 1591 3532 inviti
1637 3489 1937 3552 paremus
1974 3489 2156 3534 caeco
2194 3469 2591 3535 auctoritatis
2630 3473 2751 3534 im-

365 3575 558 3657 perio.
633 3571 987 3637 Scribimus
1059 3580 1275 3638 tamen
1355 3573 1618 3651 κρέσσων
1689 3581 1755 3639 et
1820 3571 2049 3653 μέζων,
2121 3577 2272 3659 quia
2342 3578 2432 3640 sic
2493 3574 2752 3642 voluere

366 3677 632 3742 librarii.
705 3676 872 3757 Quid
923 3684 1138 3744 autem
1191 3680 1411 3743 θᾶσσον
1458 3679 1517 3764 (1
1571 3677 1738 3763 159,
1787 3680 1891 3745 ΙΙΙ
1946 3681 2107 3756 155,
2160 3679 2309 3744 VIII
2358 3679 2508 3766 98),
2559 3677 2749 3746 ἆσσον

366 3781 488 3870 (ΙΙΙ
537 3783 661 3860 52,
713 3781 804 3847 IV
857 3781 934 3866 3,
981 3783 1118 3848 VII
1163 3783 1324 3871 233)
1373 3791 1436 3850 et
1481 3783 1773 3860 m‘iaaov?
1834 3784 2057 3850 Nonne
2096 3785 2308 3850 Ionica
2345 3787 2749 3852 scribendum

366 3895 463 3955 est
526 3889 783 3972 θάσσον,
841 3887 1031 3953 ἆσσον
1091 3897 1154 3953 et
1201 3889 1484 3965 μαλλον,
1532 3893 1587 3954 si
1634 3890 1892 3974 quidem
1935 3890 2155 3955 Ionica
2200 3899 2349 3955 sunt
2396 3893 2641 3971 κρέσσον
2687 3898 2751 3957 et

363 3991 590 4075 μέζονῗ
660 3994 739 4059 In
785 4013 860 4060 ea
904 4000 1072 4060 certe
1115 4014 1184 4061 re
1229 3993 1395 4060 nihil
1439 3997 1669 4060 attinet
1715 3995 1959 4060 codices
2003 3997 2412 4084 interrogare.

457 4191 608 4257 Fuit
653 4189 974 4280 Gyaxares
1018 4191 1053 4256 Ι
1107 4190 1232 4257 103
1281 4191 1694 4272 ἀλκιμώτερος
1741 4198 1859 4258 τῶν
1899 4193 2343 4279 προγόνων,
2382 4197 2493 4280 qui
2532 4201 2749 4263 tamen

363 4318 490 4362 non
538 4296 774 4362 dicitur
819 4298 1116 4363 omnibus
1164 4300 1298 4363 suis
1346 4298 1694 4363 maioribus
1747 4299 1941 4364 fuisse
1987 4299 2235 4376 fortior,
2279 4301 2389 4366 sed
2420 4301 2745 4387 aliquanto

364 4402 512 4488 plus
570 4401 850 4489 pollebat
909 4423 1098 4488 quam
1165 4409 1345 4488 pater
1401 4403 1741 4469 Phraortes
1800 4403 1905 4469 vel
1961 4424 2119 4470 avus
2164 4405 2446 4471 Deioces.
2520 4407 2747 4492 Itaque

364 4510 490 4576 fuit
533 4509 948 4614 ἀλκιμώτερος
997 4517 1114 4575 τῶν
1165 4509 1815 4590 προγενομένων.
1883 4509 2053 4576 Vide
2089 4511 2428 4578 discrimen
2468 4513 2537 4578 II
2581 4513 2743 4592 156,
