3436 5161
680 293 810 362 158
1664 307 2078 386 mono-ms.-

664 489 815 558 ἥκε.
920 477 1396 546 Desiderabitur
1470 479 1643 545 notio
1712 478 1774 552 ἐς
1839 475 2035 552 αὐτήν
2052 525 2069 555 ,
2135 477 2261 542 nisi
2326 495 2580 543 mecum
2637 497 2768 542 una
2837 477 3066 544 addita

658 588 879 654 littera
922 587 1273 673 reposueris
1317 583 1513 656 πέδας
1562 585 1622 649 τ’
1669 585 2126 664 ἐγκατῆκε.

751 803 923 870 VIII
967 802 1094 868 115
1132 803 1274 868 init.
1318 801 1679 868 ἀπικνέεται
1725 802 1785 875 ἐς
1824 803 1929 868 τὸν
1969 799 2146 882 πόρον
2187 807 2324 875 τῆς
2367 801 2844 880 διαβάσιος.
2884 799 3060 868 Cum

663 909 838 991 πόρος
902 912 1038 976 iam
1096 931 1209 996 per
1266 929 1332 975 se
1394 909 1473 975 ab
1536 907 1867 975 Herodoto
1933 909 2146 975 vocari
2191 905 2389 974 soleat
2433 929 2591 994 pons
2640 927 2764 994 quo
2809 907 3060 974 Xerxes

662 1015 1154 1102 Hellespontum
1210 1018 1536 1094 iunxerat,
1599 1017 1800 1088 miror
1863 1036 1978 1081 cur
2037 1013 2352 1080 addiderit
2412 1021 2522 1090 τῆς
2583 1013 2942 1098 διαβάσιος,
2992 1019 3064 1080 et

662 1144 882 1190 vereor
941 1143 1019 1189 ne
1080 1123 1288 1212 aliena
1335 1142 1566 1188 manus
1614 1143 1687 1187 ea
1734 1122 1930 1188 verba
1977 1121 2399 1206 adscripserit.
2481 1118 2578 1187 cf.
2627 1119 2721 1187 IV
2774 1118 2924 1188 136.
2973 1117 3060 1186 cl.

668 1228 821 1296 140.
861 1227 1022 1295 VIII
1063 1227 1225 1306 111,
1268 1227 1344 1294 cl.
1391 1227 1538 1294 115.
1590 1227 1726 1294 Nec
1759 1225 2062 1296 Genetivi
2095 1227 2406 1294 rationem
2444 1229 2703 1294 omnino
2735 1227 3058 1314 intelligo-

753 1449 925 1516 VIII
993 1447 1121 1515 118
1183 1448 1350 1515 med.
1414 1446 1519 1513 τὸν
1581 1446 1864 1526 βασιλέα
1923 1447 2184 1528 εἰρέσθαι
2250 1484 2336 1497 —-
2395 1445 2457 1514 εἴ
2511 1471 2604 1521 τις
2667 1445 2850 1512 ἐστί
2907 1452 3054 1530 σφι

663 1558 943 1636 σωτηρίη.
1015 1554 1233 1621 Oratio
1280 1555 1520 1622 directa
1566 1554 1729 1620 foret
1775 1553 1864 1623 ἔτι
1915 1579 2010 1627 τις
2061 1557 2207 1632 ἡμῖν
2254 1555 2511 1635 σωτηρίη
2533 1601 2549 1631 ,
2598 1555 2816 1639 itaque
2861 1555 3057 1620 corri-

663 1662 947 1750 gendum
1000 1659 1058 1726 εἵ
1099 1685 1191 1735 τις
1243 1661 1427 1726 ἐστὶ
1476 1661 1720 1744 σφίσι
1770 1661 2055 1743 σωτηρίη.
2125 1659 2305 1726 Idem
2354 1661 2591 1727 vitium
2641 1662 2892 1745 saepius
2937 1659 3058 1726 tol-

662 1767 927 1834 lendum
991 1767 1172 1835 velut
1200 1787 1207 1794 ·
1234 1767 1398 1834 infra
1460 1787 1594 1854 cap.
1665 1765 1817 1833 186.
1889 1767 2035 1834 Nisi
2077 1767 2241 1834 forte
2291 1768 2500 1835 mavis
2547 1787 2699 1834 cum
2745 1767 2960 1834 codice
3009 1775 3056 1832 c

666 1895 1030 1963 expungere
1078 1881 1216 1956 σφι.

759 2092 933 2159 VIII
996 2091 1127 2158 120
1186 2095 1329 2160 init.
1390 2094 1689 2175 φαίνεται
1739 2093 1866 2174 γὰρ
1917 2091 2133 2174 Ξέρξης
2185 2093 2246 2158 ἐν
2291 2102 2369 2176 τῇ
2417 2090 2606 2174 ὀπίσω
2654 2091 2870 2177 κομιδῇ
2911 2093 3054 2158 άπι-

670 2197 919 2276 κόμενος
982 2201 1041 2273 ἐς
1102 2201 1433 2280 νΑβδηρα,
1500 2200 1604 2264 καὶ
1671 2199 1894 2276 ξεινίην
1961 2199 2085 2286 [τέ]
2152 2204 2268 2281 σφι
2317 2199 2670 2277 συνθέμενος
2719 2198 2823 2264 καὶ
2881 2197 3056 2278 δωρη-

668 2305 932 2384 σάμενος
997 2305 1221 2380 αὐτοὺς
1280 2305 1543 2390 άκινάκη
1591 2330 1659 2371 τε
1710 2304 1950 2386 χρυσέῳ
1998 2304 2104 2371 καὶ
2155 2305 2322 2389 τιήρῃ
2368 2305 2766 2387 χρυσοπάςῳ.
2849 2303 3058 2370 Mani·

667 2412 829 2479 festo
887 2432 1012 2479 non
1066 2413 1341 2498 pendent
1386 2414 1725 2498 participia
1771 2411 2124 2491 συνθέμενος
2175 2417 2238 2478 et
2286 2410 2703 2492 δωρησάμενος
2753 2432 2792 2478 a
2837 2411 3057 2492 Φαίνε-

667 2541 811 2597 ται,
858 2518 969 2585 sed
1016 2521 1343 2587 continent
1390 2517 1625 2605 duplex
1672 2524 2126 2608 argumentum
2150 2566 2168 2596 ,
2207 2519 2375 2585 unde
2414 2523 2712 2604 appareat
2771 2517 3054 2584 Xerxem

666 2625 1036 2692 redeuntem
1100 2647 1135 2691 e
1196 2624 1464 2692 Graecia
1526 2621 1772 2692 venisse
1836 2626 2155 2691 Abderam
2216 2628 2433 2711 itaque
2505 2626 2786 2690 terrestri
2829 2625 3058 2690 itinere

666 2754 855 2799 usum
914 2753 1067 2800 esse.
1168 2730 1327 2798 Mox
1383 2734 1633 2818 requiro
1696 2738 1924 2811 πρῶτον
1989 2731 2258 2797 ἐλύσατο
2322 2731 2643 2811 <ad-rofi>
2703 2732 2816 2805 τὴν
2875 2728 3056 2810 ζώνην

662 2836 803 2903 scil.
848 2838 1145 2916 Abda-ae,
1201 2858 1363 2924 quae
1407 2840 1581 2904 notio
1632 2840 1850 2905 omitti
1895 2858 2020 2904 non
2070 2839 2298 2924 potuit.
2365 2835 2622 2922 Optime
2662 2838 2868 2924 igitur
2901 2837 3054 2903 sub-

667 2946 862 3011 venit'
900 2942 1065 3010 liber
1124 2944 1455 3010 Romanus
1500 2943 1855 3010 omittendo
1904 2942 2198 3010 voculam
2251 2942 2340 3007 τέ.
2413 2942 2488 3006 In
2535 2940 2658 3007 fine
2706 2944 2932 3027 capitis
2977 2964 3056 3007 ex

666 3048 888 3116 eodem
936 3050 1151 3116 codice
1198 3048 1642 3137 corrigendum
1690 3048 1776 3114 τὰ
1819 3048 1882 3115 δὲ
1927 3049 2222 3128 Ἄβδηρα
2269 3046 2514 3128 ἵδρυται
2564 3049 2705 3128 πρὸς
2757 3053 2864 3113 τοῦ
2914 3052 3057 3113 Ἐλ-

666 3156 1011 3232 λησπόντου
1076 3160 1321 3233 μᾶλλον
1388 3160 1493 3221 τοῦ
1557 3155 1902 3236 Στρυμόνος
1965 3156 2071 3222 καὶ
2139 3162 2248 3228 τῆς
2303 3154 2552 3227 Ἠιόνος.
2621 3154 2790 3220 Nam
2839 3176 3057 3221 sensus

666 3268 764 3328 est
823 3262 857 3338 ἢ
923 3262 950 3327 ὅ
1011 3266 1304 3342 Στρυμὼν
1368 3264 1469 3327 καὶ
1534 3266 1568 3339 ἦ
1633 3264 1848 3341 Ἧιών,
1898 3262 2067 3350 quod
2116 3258 2477 3349 significare
2522 3262 2745 3346 nequit
2791 3260 3057 3349 vulgata

665 3370 979 3455 scriptura
1026 3367 1060 3444 ἦ
1109 3372 1216 3434 τοῦ
1263 3367 1609 3450 Στρυμόνος
1664 3368 1798 3434 κτὲ.

760 3570 930 3638 VIII
979 3568 1110 3639 123
1156 3574 1233 3645 ὡς
1283 3571 1345 3639 δὲ
1392 3570 1754 3650 ἀπικόμενοι
1804 3574 1858 3638 οί
1917 3570 2218 3653 ςρατηγοὶ
2267 3570 2604 3649 διενέμοντο
2645 3570 2764 3643 τὰς
2803 3570 3057 3653 ψήφους

668 3676 769 3743 ἐπὶ
834 3680 941 3743 τοῦ
994 3677 1382 3750 Ποσειδέωνος
1430 3680 1513 3760 τῷ
1562 3679 1802 3759 βωμῷ,
1843 3680 1958 3749 ,τὸν
2009 3684 2238 3757 πρῶτον
2286 3676 2392 3741 καὶ
2441 3677 2542 3741 τὸν
2591 3676 2864 3757 δεύτερον
2912 3679 3058 3758 κρί·

667 3807 937 3857 νοντες
1001 3785 1070 3850 ἐκ
1130 3784 1414 3863 πάντων,
1484 3786 1752 3849 ἐνθαῦτα
1819 3784 1949 3849 κτὲ.
2049 3786 2281 3869 Aperte
2352 3784 2708 3867 requiritur·
2763 3784 3055 3851 futurum

666 3892 1009 3973 κρινέοντες.
1080 3890 1160 3957 In
1205 3892 1362 3977 ipsis
1406 3893 1818 3977 sequentibus
1869 3893 2226 3957 rectissime
2274 3890 2466 3955 habet
2514 3889 2829 3968 κρίνοντες.

758 4090 923 4159 VIII
987 4091 1115 4158 129
1183 4090 1372 4159 αἴτιον
1438 4092 1503 4159 δὲ
1564 4093 1815 4171 λέγουσι
1881 4093 2309 4169 Ποτειδαιῆται
2373 4097 2484 4165 τῆς
2533 4115 2606 4156 τε
2651 4092 2870 4174 ῥηχίης
2921 4091 3052 4176 [καὶ

666 4207 775 4273 τῆς
826 4199 1231 4285 πλημυρίδος]
1284 4199 1389 4265 καὶ
1438 4204 1543 4265 τοῦ
1592 4206 1888 4280 Περσικοῦ
1929 4187 2154 4273 πάθεος
2197 4199 2482 4277 γενέσθαι
2520 4198 2662 4263 τόδε
2703 4200 2834 4264 κτὲ.
2873 4198 3056 4263 Nihil

665 4302 844 4371 aliud
904 4309 1001 4370 est
1050 4305 1357 4388 πλημυρίς
1406 4326 1598 4392 quam
1646 4305 1870 4389 ῥηχίη,
1919 4307 2100 4370 cuius
2147 4306 2320 4370 vocis
2366 4308 2581 4371 minus
2627 4308 2919 4393 cognitae
2965 4325 3058 4370 se·

660 4411 991 4500 quioribus
1035 4410 1202 4478 illud
1248 4418 1343 4478 est
1392 4413 2026 4498 interpretamentum
2049 4457 2066 4490 ,
2116 4413 2332 4497 itaque
2379 4414 2447 4477 in
2495 4412 2855 4501 marginem
2894 4408 3054 4477 rele-
