3436 5161
614 307 740 372 122
1522 331 1608 377 An
1653 328 2058 378 rnouronu.

604 493 797 560 Nunc
812 545 828 578 ,
892 485 986 560 nn·
1040 497 1337 582 maqt‘eter
1354 543 1371 574 ,
1431 497 1600 583 quod
1657 497 1745 561 acl
1778 497 1997 583 fauces
2043 497 2312 575 adtinet,
2365 496 2534 561 brevi
2577 495 2990 584 temperantia

604 601 1113 689 appelletur,
1158 613 1217 668 et
1260 601 1421 668 milti
1462 613 1533 667 at
1569 601 1819 690 plenior
1861 604 2118 668 nuntius
2161 604 2372 668 veniet.

695 705 944 773 Haereo
1002 711 1070 772 in
1128 705 1475 796 appelletur
1491 754 1509 787 ‚
1568 709 1738 793 quod
1797 708 1930 774 aine
1983 707 2187 774 dubio
2249 713 2640 794 corruptum.
2733 705 2986 773 Nomen

602 812 857 899 aliquod
916 811 1224 880 excidisse
1280 813 1567 892 videtur,
1628 815 1726 880 ita
1788 818 1862 879 ut
1923 813 2052 880 fere
2097 813 2445 901 legendum
2489 811 2577 878 sit
2619 813 2787 880 brevi
2829 825 2984 878 tem-

598 921 892 1009 perantia
936 920 1311 993 <morbue>
1356 919 1856 1007 depelletur3
1905 919 1981 984 οἱ
2035 916 2170 986 Cic.
2217 919 2400 986 Fam.
2449 916 2591 985 VII.
2633 917 2743 983 26.
2786 917 2828 982 2
2867 921 2909 983 i.
2937 919 2987 984 f.

600 1025 707 1094 vel
770 1026 1180 1093 avelletur
1238 1025 1384 1093 coll.
1429 1023 1562 1092 Cic.
1618 1026 1806 1092 Tusc.
1852 1024 1964 1093 IV.
2014 1025 2143 1091 24:
2195 1027 2482 1092 inhaeret
2527 1027 2596 1091 in
2640 1027 2990 1093 visceribus

602 1131 769 1198 illud
830 1131 1079 1199 malum
1134 1134 1509 1221 exsistitque
1567 1134 1831 1200 morbus
1887 1138 1955 1199 et
2000 1133 2354 1221 aegrotatio
2375 1181 2391 1210 ,
2442 1149 2602 1218 quae
2649 1130 2845 1200 avelli
2885 1133 2991 1198 in-

548 1313 554 1316 ,
600 1243 888 1308 veterata
942 1258 1068 1304 non
1124 1243 1407 1325 possunt.
1456 1275 1544 1286 -·
1592 1237 1939 1324 Sequentia
1995 1238 2362 1305 emendavit
2421 1236 2788 1325 Schopenus
2833 1239 2990 1304 scri-

602 1342 807 1411 bendo
861 1357 921 1410 et
962 1344 1123 1411 mihi
1164 1369 1209 1410 a
1253 1356 1312 1410 te
1353 1345 1549 1411 lenior
1592 1347 1856 1411 nuntius
1903 1346 2126 1430 veniet,
2177 1345 2344 1431 quod
2389 1345 2586 1430 probo
2602 1395 2621 1430 ,
2658 1346 2786 1410 nisi
2821 1343 2992 1430 quod

607 1470 722 1538 pro
774 1451 967 1517 lenior
1018 1449 1245 1516 malim
1294 1449 1531 1517 laetior.
1606 1448 1711 1516 Sic
1759 1451 2020 1518 laetiora
2066 1471 2316 1536 quoque
2359 1437 2764 1516 scribendum
2808 1448 2990 1517 vide-

601 1563 713 1624 tur
755 1555 961 1643 Epist.
1012 1555 1098 1622 10
1143 1555 1324 1644 (25),
1371 1577 1437 1643 p.
1484 1553 1606 1622 80:
1660 1553 1899 1624 Gratia
1943 1557 2172 1624 leviora
2216 1559 2426 1624 omnia
2467 1559 2739 1623 nuntiat.

692 1771 909 1840 Emsoe.
973 1768 1058 1836 59
1118 1769 1285 1859 (74),
1336 1787 1397 1837 Ρ.
1450 1769 1537 1839 93
1584 1775 1695 1839 ced
1739 1795 1806 1839 re
1850 1767 1995 1837 vera
2039 1771 2152 1837 illa
2195 1794 2294 1837 ree
2337 1771 2606 1836 maxime
2648 1769 2808 1836 mila·
2850 1770 2992 1834 ani-

604 1902 779 1945 mum
837 1902 877 1944 a
939 1879 1163 1943 studiis
1226 1879 1499 1966 depulit,
1560 1881 1764 1966 quod,
1828 1882 1981 1943 dum
2038 1879 2304 1943 nimium
2363 1877 2603 1943 litterae
2656 1899 2835 1954 ame,
2883 1875 2999 1942 tibi
3118 1905 3122 1908 ·

602 1987 1021 2051 incommodus
1064 1986 1243 2072 apud
1286 1983 1593 2051 Porcium
1630 1985 1780 2071 fui,
1829 1997 1900 2050 ut
1945 2007 2044 2050 ree
2089 1986 2372 2050 ostendit.

697 2089 1053 2184 Adscripsit
1112 2089 1357 2156 Maius:
1434 2087 1725 2168 „tGodex
1781 2102 2077 2178 portum,
2125 2089 2236 2156 sed
2281 2089 2539 2156 videtur
2581 2087 2996 2156 emendatum

606 2197 975 2265 Porcium’.
912 2195 953 2224 ’⁹
1045 2195 1277 2262 Veram
1342 2193 1683 2263 lectionem
1737 2208 2002 2285 portum
2042 2195 2276 2262 iudico.
2347 2191 2472 2262 Per
2514 2200 2772 2282 portum
2817 2197 2992 2260 enim

601 2302 909 2371 Aurelius
971 2299 1445 2369 Centumcellas
1508 2299 1842 2389 intelligit.
1927 2299 2031 2367 Ad
2093 2299 2322 2368 villam
2386 2302 2466 2367 ab
2527 2299 2854 2368 Hadriano
2897 2301 2994 2368 ibi

602 2407 995 2476 aedificatam
1014 2457 1035 2493 ,
1097 2427 1290 2493 quam
1354 2414 1507 2474 tunc
1549 2406 1884 2474 habitabat
1903 2454 1920 2485 ‚
1969 2407 2358 2474 Frontonem
2409 2427 2599 2473 suum
2647 2409 2991 2487 invitarat,

602 2517 714 2603 qui
776 2536 855 2582 ex
916 2513 1128 2601 tepido
1189 2512 1485 2580 cubiculo
1542 2511 1622 2582 ad
1667 2533 1847 2579 mare
1893 2533 2264 2602 progressus
2282 2561 2301 2599 ,
2347 2512 2519 2580 haud
2567 2512 2799 2580 leviter
2841 2534 2985 2601 per-

591 2622 873 2689 frixerat.
946 2618 1043 2687 cf.
1091 2640 1253 2706 quae
1296 2640 1487 2707 supra
1532 2620 1872 2707 leguntur:
1920 2620 2064 2705 quis
2109 2620 2284 2685 enim
2326 2618 2449 2685 tibi
2488 2618 2653 2686 alius
2693 2619 2979 2687 dolorem

587 2750 818 2819 genus,
879 2748 1071 2813 quem
1131 2727 1357 2793 scribis
1416 2731 1602 2793 nocte
1660 2745 1967 2811 proxuma
2025 2714 2326 2810 auctum,
2389 2726 2534 2811 quis
2597 2725 2764 2792 alius
2827 2745 2980 2793 eum

592 2836 929 2902 suscitavit
945 2880 963 2915 ,
1010 2835 1137 2900 nisi
1182 2829 1686 2923 Centumcellae,
1737 2851 1818 2898 ne
1864 2851 1970 2897 me
2017 2828 2272 2898 dicam?

688 3047 909 3115 Emer.
954 3064 1043 3113 An
1090 3047 1406 3113 Aurom.
1451 3044 1592 3112 Iur.
1632 3064 1715 3113 m·
1751 3063 1945 3113 nmo.
1988 3044 2055 3124 Ι,
2106 3046 2182 3125 1,
2221 3062 2278 3111 ι’.
2322 3043 2410 3110 94
2448 3044 2580 3111 vale
2617 3057 2992 3133 etperen-

601 3176 767 3220 nem
828 3154 1043 3220 multis
1088 3154 1269 3218 annis
1314 3153 1539 3218 bonam
1583 3152 2027 3230 valetudinem,
2077 3154 2170 3218 mi
2213 3154 2511 3237 maqlster
2555 3152 2821 3239 optime,
2867 3150 2993 3217 lae—

602 3262 876 3327 tissimus
921 3260 1337 3325 incolumitate
1370 3258 1588 3347 filiae,
1636 3270 1971 3346 nepotum,
2015 3260 2242 3345 ymeri.

692 3364 924 3430 Totam
983 3366 1363 3430 sententiam
1428 3363 1784 3431 claudicare
1845 3363 2041 3429 videa.
2117 3362 2406 3431 Goniicio
2468 3376 2527 3429 et
2559 3388 2614 3452 p
2631 3385 2662 3429 e
2679 3388 2719 3428 r
2721 3389 2776 3453 p
2792 3387 2823 3429 e
2839 3336 2912 3429 te
2929 3384 2994 3429 m

605 3471 817 3537 multis
862 3474 1042 3535 annis
1086 3471 1309 3536 bonam
1352 3473 1650 3547 <sev-va>
1696 3470 2124 3536 valetudinem.
2186 3470 2436 3537 Adiect.
2465 3492 2692 3559 perpes
2715 3472 2997 3537 sermoni

602 3576 973 3656 Frontonis,
1018 3576 1301 3643 hominis
1345 3575 1517 3643 docti
1565 3580 1630 3641 et
1674 3578 2021 3661 antiquarii
2037 3622 2054 3655 ,
2103 3574 2835 3643 accommodatissimum
2875 3580 2990 3642 est.

695 3790 862 3858 1311).
910 3790 1071 3857 Peto
1117 3814 1159 3855 a
1205 3801 1264 3855 te
1308 3824 1393 3839 —
1440 3792 1543 3853 sed
1580 3790 1985 3877 impetratum
2027 3790 2112 3855 eit
2149 3824 2236 3839 —-·
2277 3810 2351 3855 ne
2390 3801 2462 3855 te
2499 3788 2574 3855 ob
2611 3791 2774 3855 diem
2810 3801 2996 3855 nata-

606 3898 727 3966 lem
784 3898 1155 3985 Gornlfieiae
1205 3894 1475 3961 Lorium
1534 3916 1790 3962 vexes.
1883 3892 2010 3959 Dis
2079 3895 2412 3961 nolenttbus
2479 3894 2721 3960 Romae
2777 3896 2999 3983 paucio

608 4006 814 4071 diebus
856 4027 969 4071 noe
1012 4002 1259 4069 videbis.

699 4110 923 4175 Priora
965 4128 1094 4174 non
1138 4105 1455 4195 intelligo.
1525 4105 1959 4194 Intelligerem
2009 4131 2083 4174 ne
2129 4109 2202 4175 ob
2250 4110 2412 4174 diem
2455 4106 2728 4173 natalem
2775 4104 2998 4173 Corni-

596 4216 785 4303 ficiae
844 4214 1115 4281 Lorium
1160 4226 1372 4280 vecte
1388 4216 1530 4279 rie.
1601 4212 1816 4301 Rogat
1863 4215 2223 4279 Antoninus
2271 4214 2654 4279 Frontonem
2701 4218 2777 4278 ut
2821 4210 2998 4279 vale·

612 4319 822 4387 tudini
884 4318 1205 4395 consulat,
1260 4338 1419 4385 neve
1463 4320 1589 4384 iter
1634 4317 1891 4384 difficile
1935 4318 2041 4404 (cf.
2089 4341 2153 4405 p.
2210 4316 2365 4404 101)
2411 4318 2492 4385 ad
2537 4316 2765 4384 villam
2812 4336 2998 4384 suam

611 4428 681 4491 in
740 4424 1000 4493 Etruria
1058 4425 1250 4493 faciat-
1266 4470 1284 4505 ,
1342 4432 1417 4491 ut
1470 4422 1640 4493 filiae
1699 4423 1873 4491 diem
1932 4423 2213 4492 natalem
2275 4426 2400 4491 sibi
2459 4422 2843 4512 gratuletur.
2909 4460 2994 4474 -
