3436 5161
1400 441 1722 497 nomos.
2614 424 2744 491 411

556 614 933 701 fragmentis
979 612 1049 678 id
1090 632 1217 678 non
1261 614 1469 697 potest
1510 611 1766 697 probari
1811 630 1962 677 cum
2005 610 2336 697 ignoretur
2379 610 2710 675 contextus
2726 656 2748 694 ,

552 719 725 786 malo
769 717 925 786 talia
968 720 1037 784 in
1082 716 1295 783 medio
1338 716 1692 805 relinquere
1710 764 1728 796 ,
1775 738 1856 783 ne
1902 717 2007 782 cui
2051 714 2320 781 calidius
2363 734 2576 781 meam
2615 716 2751 801 opi-

550 828 807 893 nionem
854 824 1184 892 defendere
1229 823 1465 891 videar.

462 928 642 1011 ἄμμε
690 932 769 997 de
812 931 1102 1016 pluribus
1119 977 1138 1010 ,
1188 930 1408 997 eodem
1454 932 1660 1019 igitur
1705 952 1894 997 sensu
1939 950 2064 1016 quo
2106 930 2273 1007 ἡμᾶς
2291 978 2310 1013 ,
2335 928 2660 1017 legeretur
2681 930 2749 993 in

371 1038 691 1104 Simonidis
736 1038 1012 1123 quodam
1065 1040 1529 1126 epigrammate
1575 1037 1681 1123 (fr.
1713 1035 1892 1123 100),
1925 1038 1982 1101 si
2004 1035 2496 1103 Valckenaerius
2514 1081 2531 1113 ‚
2556 1053 2748 1120 quem

367 1142 689 1232 Bergkius
735 1145 1053 1229 sequitur,
1102 1163 1249 1209 vera
1288 1143 1366 1209 de
1406 1143 1525 1209 hoc
1560 1142 1698 1209 loco
1738 1142 1965 1208 fuisset
1989 1144 2368 1229 suspicatus.
2393 1140 2601 1225 Atqui
2623 1156 2750 1205 non

367 1249 521 1315 licet
573 1248 887 1315 Simonidi
937 1248 1014 1314 de
1061 1248 1422 1315 coniectura
1458 1248 1794 1315 obtrudere
1829 1246 2216 1315 vocabulum
2239 1266 2466 1333 parum
2491 1250 2568 1311 ut
2589 1244 2750 1312 vidi·

368 1375 515 1421 mus
562 1363 852 1421 accurate
890 1355 1291 1431 adhibitum3
1331 1362 1711 1441 quapropter
1749 1354 1953 1420 denuo
1977 1354 2406 1441 inspiciendus
2431 1358 2528 1419 est
2550 1350 2747 1419 locus.

367 1460 783 1547 Epitaphium
831 1467 927 1527 est
964 1458 1443 1527 Corinthiorum
1488 1462 1556 1527 in
1603 1482 1823 1549 pugna
1865 1459 2220 1527 Salaminia
2267 1460 2654 1527 occisorum:

794 1564 837 1633 ὦ
884 1566 1032 1645 ξεῖν’
1080 1566 1314 1648 εὔυδρόν
1364 1568 1505 1633 ποτ’
1555 1568 1832 1655 ἐναίομεν
1880 1565 2042 1633 ἄστυ
2095 1566 2370 1647 Κορίνθου
2393 1615 2412 1645 ,

798 1680 897 1739 νῦν
944 1675 1008 1741 δὲ
1054 1678 1199 1751 μετ’
1248 1672 1511 1745 Αἴαντος
1560 1678 1740 1747 νᾶσος
1795 1672 1930 1755 ἔχει
1977 1672 2278 1752 Σαλαμίς
2298 1695 2316 1713 ·

368 1785 457 1849 sic
505 1781 672 1868 apud
718 1780 905 1847 Dion.
957 1778 1185 1867 Chrys.
1238 1778 1362 1858 3¹7,
1412 1778 1543 1845 525
1592 1782 1862 1859 citatur,
1914 1785 2240 1865 corrupte,
2287 1784 2364 1844 ut
2401 1782 2612 1865 quivis
2649 1780 2747 1846 vi·

368 1889 507 1967 det;
572 1909 687 1954 nec
752 1888 967 1952 minus
1031 1887 1300 1952 absurde
1361 1886 1530 1973 apud
1590 1884 2014 1952 Plutarchum
2061 1884 2228 1953 Mor.
2278 1884 2414 1951 870
2435 1892 2487 1951 Ε
2536 1888 2636 1951 νῦν
2683 1884 2748 1951 δὲ

366 1994 715 2072 ἄνᾶματος.
764 1993 934 2059 Hinc
982 1996 1185 2080 igitur
1230 1991 1720 2059 Valckenaerius
1740 2041 1758 2072 ,
1807 1994 2133 2081 ingeniose
2179 1992 2458 2078 profecto
2503 1991 2613 2057 sed
2646 1998 2748 2058 ta-

368 2120 517 2167 men
564 2101 619 2165 si
664 2100 816 2186 quid
863 2098 1049 2165 video
1095 2120 1322 2184 parum
1368 2105 1535 2165 recte
1553 2148 1571 2183 ,
1620 2102 1722 2163 νῦν
1772 2098 1824 2163 δ’
1863 2096 2033 2178 ἄμμ’
2069 2097 2414 2186 legendum
2450 2118 2584 2164 esse
2607 2096 2749 2163 effe-

366 2210 491 2283 cit3
554 2207 849 2274 videmus
907 2210 1123 2271 autem
1184 2207 1457 2271 minime
1516 2207 1756 2290 requiri
1800 2224 2163 2291 pronomen.
2235 2202 2482 2290 Ecquid
2527 2201 2747 2290 legen-

368 2314 527 2380 dum
571 2319 691 2378 est:

800 2425 901 2485 νῦν
945 2444 990 2497 y
1014 2420 1130 2483 σεῖ’
1178 2414 1477 2495 Αἴαντος,
1523 2419 1702 2489 νᾶσος
1753 2414 1888 2497 ἔχει
1933 2414 2280 2497 Σωλαμίςῖ

463 2524 700 2596 Contra
760 2525 898 2593 loco
942 2524 1278 2590 Pindarico
1323 2522 1579 2611 Olymp.
1632 2521 1673 2588 9
1695 2571 1712 2604 ,
1766 2520 1896 2589 160
1942 2521 2238 2596 ἅπαντας
2285 2522 2466 2603 ἄμμε
2513 2522 2748 2590 diserte

367 2633 639 2722 legitur,
693 2639 758 2697 et
805 2634 899 2696 ita
938 2631 1196 2716 quidem
1234 2636 1310 2694 ut
1345 2651 1468 2695 non
1495 2629 1974 2696 sollicitandum
1998 2651 2132 2697 esse
2155 2629 2470 2698 videatur.
2521 2629 2744 2696 Altero

368 2761 519 2808 vero
577 2739 716 2806 loco
776 2739 888 2802 ubi
952 2734 1131 2814 ἄμμε
1192 2737 1271 2802 ad
1316 2735 1529 2821 plures
1579 2736 1978 2802 referendum
2018 2743 2114 2803 est
2159 2736 2327 2823 apud
2371 2737 2711 2802 Pindarum·
2725 2781 2744 2816 ‚

368 2847 428 2914 N
431 2866 557 2912 em.
606 2844 648 2910 6
668 2892 685 2924 ,
738 2844 858 2923 11,
907 2841 1314 2930 praetulerim
1365 2841 1786 2927 quorumdam
1825 2841 2138 2910 librorum
2176 2842 2514 2910 lectionem
2537 2841 2738 2922 ἄμμι,

367 2973 528 3039 quae
574 2951 749 3018 salva
796 2953 1054 3038 syntaxi
1098 2969 1295 3034 aeque
1342 2951 1499 3015 bene
1545 2949 1809 3015 admitti
1852 2955 2085 3036 potest.

456 3057 599 3124 Uno
643 3061 848 3146 igitur
890 3077 1077 3122 versu
1126 3055 1463 3122 Pindarico
1509 3062 1770 3141 excepto
1787 3105 1806 3140 ,
1867 3077 1902 3121 e
1948 3062 2233 3143 tempore
2277 3058 2536 3142 antiquo
2578 3055 2746 3122 nulli

365 3184 523 3250 quos
567 3163 825 3250 quidem
874 3165 1157 3228 noverim
1210 3161 1335 3228 loci
1383 3167 1623 3230 restant
1668 3161 1901 3248 quibus
1945 3161 2130 3242 ἄμμε
2174 3163 2252 3230 de
2298 3161 2590 3250 pluribus
2628 3162 2743 3229 ad·

363 3270 647 3336 hibitum
694 3272 798 3334 sit.
870 3271 969 3334 Ab
1033 3267 1481 3334 Alexandrinis
1542 3289 1692 3335 vero
1755 3271 1959 3356 poetis
2019 3268 2358 3356 aliquoties
2411 3277 2743 3356 peccatum

365 3383 495 3456 est,
542 3397 770 3463 nempe
817 3396 855 3441 a
906 3375 1201 3440 Theocrito
1253 3374 1368 3453 10,
1424 3373 1512 3440 38
1560 3381 1625 3440 et
1673 3374 1792 3453 42,
1847 3396 1885 3441 a
1933 3376 2178 3442 Moscho
2226 3373 2303 3453 3,
2357 3375 2521 3455 1033
2566 3377 2637 3457 5,
2666 3375 2741 3458 3,

366 3485 444 3550 ab
490 3485 806 3570 Apollonio
853 3483 1089 3548 Rhodio
1134 3481 1169 3548 Ι
1216 3479 1383 3560 660,
1432 3480 1495 3546 II
1544 3479 1713 3567 892,
1761 3480 1850 3548 IV
1903 3481 2112 3562 1354,
2169 3480 2374 3561 1373,
2429 3481 2624 3550 1675.

454 3587 687 3656 Raram
734 3611 867 3655 esse
922 3609 1141 3655 vocem
1187 3587 1369 3666 ἄμμε
1416 3588 1584 3674 apud
1626 3595 1845 3674 poetas
1891 3590 2386 3676 posthomericos
2423 3591 2741 3658 videmus.

364 3695 589 3764 Rarior
648 3699 845 3762 etiam
908 3703 1003 3762 est
1064 3695 1237 3773 ὔμμε
1258 3745 1277 3781 ,
1340 3715 1500 3781 quae
1562 3695 1768 3762 forma
1827 3717 1950 3762 non
2011 3699 2136 3762 nisi
2194 3717 2303 3763 sex
2363 3696 2520 3764 locis
2558 3719 2596 3764 a
2633 3719 2741 3765 me

364 3809 460 3870 est
506 3810 772 3891 reperta.
820 3799 909 3867 Et
953 3810 1119 3868 recte
1168 3803 1428 3887 quidem
1473 3802 1551 3868 de
1600 3802 1845 3868 duobus
1893 3801 2062 3868 dicta
2099 3803 2267 3888 apud
2308 3804 2634 3888 Sophoclem
2670 3805 2740 3868 in

364 3908 689 3996 Antigone
733 3930 828 3974 vs.
856 3905 1023 3985 846,
1072 3907 1241 3992 apud
1291 3909 1623 3973 Pindarum
1669 3906 1929 3997 Olymp.
1957 3911 2030 3995 8,
2060 3907 2143 3974 19
2184 3914 2249 3975 et
2287 3909 2520 3976 Isthm.
2549 3909 2623 3987 5,
2649 3905 2738 3974 28

365 4015 447 4100 (ei
494 4015 728 4080 ultimo
773 4015 891 4081 hoc
936 4013 1074 4078 loco
1118 4014 1453 4079 referimus
1503 4011 1677 4092 ὔμμε
1724 4015 1804 4081 ad
1845 4014 2010 4081 solos
2051 4014 2316 4081 Peleum
2347 4020 2411 4082 et
2434 4015 2735 4101 Aiacem,

364 4119 530 4205 quod
577 4127 832 4205 propter
876 4139 1037 4185 vers.
1066 4118 1151 4184 36
1178 4141 1269 4205 sq.
1308 4141 1534 4187 verum
1576 4122 1844 4208 censeo).
1893 4118 2128 4189 Contra
2150 4121 2229 4188 de
2252 4120 2544 4208 pluribus
2565 4121 2738 4193 haud

362 4224 559 4293 semel
603 4226 845 4292 dictum
888 4232 985 4292 est
1031 4226 1112 4293 ab
1155 4225 1639 4292 Alexandrinis:
1688 4248 1727 4293 a
1779 4229 2081 4294 Theocrito
2121 4228 2197 4308 5,
2247 4228 2415 4316 145,
2455 4229 2536 4298 ab
2559 4231 2741 4316 Apol-

362 4335 520 4402 como
566 4333 799 4398 Rhodio
844 4331 908 4398 Π
952 4331 1122 4419 637,
1166 4331 1265 4398 IV
1319 4330 1514 4402 1328.

2379 4669 2445 4732 27
