3436 5161
1348 364 1607 417 ensesue
1653 367 1782 416 mo.
2627 350 2760 421 339

382 551 543 596 num
602 530 935 619 leguntur,
1002 532 1113 597 sed
1160 531 1393 598 ultima
1449 532 1772 610 βουληθεὶς
1833 531 1894 598 δὲ
1940 533 2012 609 331
2061 532 2278 614 τρόπον
2325 558 2466 599 τινα
2516 539 2764 613 μᾶλλον

383 636 609 708 αὐτοὺς
670 637 1039 721 σωφρονίσαι
1093 660 1208 705 suo
1267 660 1441 704 more
1500 641 1568 704 in
1630 640 1890 705 brevius
1946 642 2260 707 contraxit
2319 639 2638 718 βουληθεὶς
2703 642 2768 707 δὲ

386 742 455 817 δὴ
513 746 761 821 μᾶλλον
824 744 1048 816 αὐτοὺς
1109 746 1499 829 σωφρονίσαι.
1572 745 1655 810 Et
1717 747 1872 812 haee
1920 748 2058 833 ipsa
2103 744 2402 813 librarius
2451 746 2766 826 Medicei,

384 852 495 935 qui
542 851 696 936 quid
745 849 910 917 illud
957 851 1173 930 τρόπον
1221 854 1289 916 in
1334 850 1573 917 Veneto
1620 853 1747 918 eibi
1795 851 1990 919 vellet
2037 872 2164 918 non
2208 851 2647 941 intellegeret,
2693 873 2770 920 ex

381 956 720 1042 Xiphilino
768 957 1097 1023 transtulit
1143 954 1417 1043 eumque
1464 960 1531 1022 in
1580 960 1992 1045 sequentibus
2043 957 2122 1025 ad
2170 960 2438 1025 verbum
2485 962 2766 1045 exscrip-

382 1066 470 1129 sit
516 1064 711 1131 donee
758 1085 833 1130 ea
876 1066 1125 1131 invenit
1170 1084 1329 1149 quae
1374 1066 1445 1129 in
1490 1062 1740 1131 Veneto
1787 1086 2004 1131 rursus
2052 1071 2390 1131 exstarent.
2464 1064 2764 1131 Transtu-

382 1166 463 1235 lit
522 1171 727 1258 igitur
780 1191 838 1255 p.
895 1167 1024 1235 100
1071 1191 1164 1238 vs.
1220 1168 1568 1255 15—103,
1617 1169 1704 1235 28
1751 1170 2072 1250 βουληθεὶς
2117 1172 2182 1237 δὲ
2227 1176 2473 1251 μᾶλλον
2523 1169 2766 1254 ὕστερον

385 1275 449 1342 δὲ
514 1274 893 1356 ἕξεβιοὶσατο
952 1275 1107 1344 ὥστε
1178 1279 1239 1351 ἐς
1308 1282 1459 1357 γοῦν
1526 1280 1637 1353 τὴν
1706 1278 1940 1358 ἤπειρον
2015 1278 2208 1353 αὐτὴν
2277 1278 2346 1343 ἐκ
2413 1286 2522 1354 τῆς
2589 1280 2766 1357 νήσου

385 1384 761 1461 κομισθῆναι.
834 1384 1059 1472 Pergit
1106 1383 1484 1470 xiphilinus
1528 1385 1613 1466 τῷ
1663 1383 1728 1448 δὲ
1770 1385 2032 1466 Καίσαρι
2081 1384 2544 1462 ἐπεβούλευσαν
2585 1384 2767 1451 ἄλλοι

384 1514 456 1555 τε
511 1488 618 1555 καὶ
668 1497 881 1563 Γναῖος
932 1490 1247 1572 Κορνήλιος
1297 1515 1351 1556 κ.
1381 1516 1437 1557 τ.
1466 1505 1529 1555 λ.
1578 1512 1741 1575 quae
1789 1493 1986 1557 etiam
2035 1492 2104 1556 in
2149 1489 2390 1557 Veneto
2435 1493 2770 1559 inveniun-

384 1601 493 1662 tur
552 1595 724 1677 (Lib.
790 1594 875 1661 56
937 1618 992 1662 e.
1062 1596 1194 1681 14).
1265 1596 1367 1662 Ibi
1419 1617 1571 1663 vero
1621 1596 1797 1663 hisee
1842 1596 1970 1663 alia
2015 1596 2400 1682 praecedunt
2447 1618 2500 1663 e.
2554 1596 2673 1675 13,
2725 1598 2767 1662 2

379 1720 551 1789 sqq.:
580 1751 599 1769 .
623 1751 636 1768 .
666 1750 683 1767 .
713 1750 727 1767 .
796 1702 1077 1784 Τιβέριον
1142 1702 1247 1768 καὶ
1320 1703 1649 1778 ἐποιήσατο
1699 1703 1803 1769 καὶ
1852 1704 1952 1768 ἐπὶ
2002 1702 2143 1778 τοὺς
2194 1702 2441 1777 Κελτὸς
2489 1704 2767 1790 (excide-

377 1814 529 1875 runt
590 1810 932 1897 quaedam)
994 1809 1105 1883 τὴν
1167 1807 1449 1887 ἐξουσίαν
1508 1810 1678 1892 αὐτῷ
1741 1812 1852 1885 τὴν
1914 1810 2304 1891 Quamuis&
2351 1812 2412 1884 ἐς
2461 1810 2610 1876 δέκα
2657 1809 2763 1887 ἔτη

379 1913 515 1989 δοὺς
579 1939 637 1981 κ.
662 1939 721 1980 τ.
749 1929 809 1980 λ.
831 1963 847 1995 ,
913 1936 1074 2001 quae
1131 1936 1280 1981 eum
1344 1918 1560 1981 omnia
1617 1921 1832 1982 noster
1888 1919 2182 1983 omittere
2239 1916 2477 2003 nollet,
2523 1916 2766 1984 insulso

377 2020 637 2089 vinculo
682 2019 749 2088 δέ
794 2045 874 2100 γε
922 2021 1003 2087 ad
1048 2020 1285 2087 ultima
1323 2020 1647 2108 Xiphilini
1687 2023 1882 2089 verba
1930 2022 1997 2087 ἐκ
2038 2031 2148 2097 τῆς
2191 2023 2370 2099 νήσου
2408 2026 2764 2103 κομισθῆναι

378 2127 720 2194 adnexuit:
768 2126 871 2193 τὸν
920 2128 984 2193 δέ
1030 2152 1111 2208 γε
1156 2126 1439 2209 Τιβέριον
1489 2127 1593 2193 καὶ
1642 2128 1972 2203 ἐποιήσατο
2021 2154 2081 2195 κ,
2110 2152 2174 2195 τ.
2198 2143 2262 2195 λ.

468 2234 711 2301 Eodem
758 2234 948 2300 modo
976 2218 1062 2299 ⁸in
1110 2236 1383 2301 secunda
1428 2234 1657 2301 lacuna
1704 2235 1772 2299 L.
1830 2235 1915 2299 55
1944 2285 1960 2312 ,
2010 2257 2064 2301 o.
2115 2234 2202 2300 33
2247 2242 2313 2301 et
2353 2234 2439 2300 34
2479 2241 2768 2303 versatus

382 2345 500 2407 eet.
570 2340 699 2407 Res
758 2361 921 2407 anno
983 2339 1026 2406 8
1084 2363 1147 2427 p.
1174 2339 1246 2407 Ο.
1273 2365 1336 2407 n.
1385 2348 1602 2407 eontra
1647 2340 2006 2407 Pannonios
2053 2341 2507 2427 Dalmatasque
2552 2348 2765 2430 gestas

377 2452 673 2513 narrante
719 2447 923 2513 Dione
966 2449 1037 2512 in
1084 2447 1296 2513 media
1334 2450 1647 2513 sententia
1687 2447 1888 2514 oratio
1929 2448 2360 2533 abrumpitur:
2400 2450 2454 2513 οἱ
2496 2449 2764 2527 Δελμοὶ-

380 2577 487 2620 ται
554 2553 661 2619 καὶ
725 2554 777 2619 οἱ
834 2550 1142 2620 Παννόνιοι
1181 2591 1246 2601 ——
1283 2552 1387 2619 καὶ
1438 2550 1515 2625 ὣς
1562 2555 1874 2634 ἀντεῖχον.
1925 2552 2030 2619 καὶ
2083 2552 2503 2634 Σκενόβαρδός
2551 2555 2619 2620 τέ
2667 2579 2761 2627 τις

380 2660 941 2741 προσποιησάμενος
1006 2660 1512 2740 μεταστήσεσθαι
1537 2711 1555 2734 ,
1629 2661 1733 2724 καὶ
1805 2658 2072 2742 πέμψας
2143 2663 2288 2725 κατ’
2358 2661 2511 2726 αὐτὸ
2586 2665 2761 2726 τοῦτο

381 2765 525 2847 πρὸς
573 2765 810 2832 Μάνιον
850 2765 1085 2832 Ἔννιον
1130 2765 1512 2848 φρούραρχον
1562 2765 1822 2838 Σισκίας
1877 2769 1954 2838 ὡς
2001 2763 2240 2841 ἕτοιμος
2288 2767 2402 2844 μὲν
2451 2765 2528 2831 ὢν
2573 2767 2763 2832 αὐτο-

378 2881 651 2951 μολῆσαι
671 2923 689 2958 ,
736 2873 934 2947 δεδιὼς
982 2873 1047 2937 δὲ
1093 2873 1184 2950 μὴ
1230 2870 1541 2955 προπιίθῃ.
1565 2921 1579 2936 .
1600 2921 1615 2938 .
1656 2871 1836 2938 Haeo
1877 2870 2256 2938 Scenobardi
2294 2871 2600 2938 simulata
2637 2878 2764 2938 tra·

379 2977 540 3044 ditio
604 3000 754 3045 cum
809 2981 880 3044 in
924 2978 1262 3064 Xiphilino
1307 2999 1435 3045 non
1483 2983 1760 3044 exstaret
1804 2978 2028 3044 Dionis
2076 2979 2267 3046 verba
2315 2999 2393 3044 ex
2441 2999 2515 3045 eo
2559 2981 2764 3045 eonti-

376 3104 573 3153 nuare
604 3107 729 3152 non
774 3087 1009 3172 potuit.
1081 3086 1171 3151 At
1215 3087 1463 3151 invenit
1510 3086 1678 3171 apud
1729 3085 2002 3150 eundem
2050 3106 2112 3170 p.
2167 3084 2296 3151 114
2336 3105 2424 3172 sq.
2496 3083 2765 3170 Splauni

379 3191 545 3280 (sive
602 3191 852 3279 Sploni)
914 3190 1133 3278 oppidi
1182 3193 1720 3279 expugnationem
1769 3195 1834 3257 et
1878 3191 2140 3257 Batonis
2187 3190 2369 3256 ducis
2416 3190 2765 3258 Delmatici

378 3297 788 3367 deditionem.
859 3297 1035 3379 Quae
1097 3297 1217 3364 hoo
1278 3296 1419 3365 loco
1489 3318 1527 3364 a
1591 3297 1798 3363 Dione
1856 3301 2113 3363 narrata
2171 3295 2367 3362 fuisse
2428 3299 2725 3383 opinatus
2746 3348 2765 3383 ,

378 3403 625 3471 abiecta
684 3407 814 3470 iam
878 3403 1055 3470 omni
1118 3400 1500 3470 Scenobardi
1565 3404 1890 3469 mentione
1908 3451 1927 3488 ,
1998 3403 2221 3468 statim
2290 3401 2584 3470 adamato
2650 3423 2765 3470 suo

378 3508 445 3576 δέ
501 3533 582 3588 γε
645 3509 937 3577 adiunxit
996 3510 1209 3575 verbis
1265 3508 1521 3574 ultimis
1539 3555 1557 3587 ,
1623 3529 1786 3594 quae
1845 3509 1916 3573 in
1975 3507 2218 3574 Veneto
2265 3511 2584 3597 integram
2629 3531 2766 3576 een-

373 3617 645 3682 tentiam
708 3615 1059 3682 efficerent:
1124 3616 1175 3680 οἱ
1226 3612 1566 3693 Δελμοὶται
1614 3615 1715 3678 καὶ
1771 3615 1822 3680 οἱ
1869 3614 2174 3680 Παννόνιοι
2227 3653 2310 3664 -
2360 3615 2464 3680 καὶ
2517 3607 2594 3688 ὣς
2655 3616 2764 3680 οἱν-

375 3729 611 3804 τεῖχον.
651 3727 759 3788 τοῦ
800 3721 883 3787 δέ
916 3745 1013 3800 γε
1062 3726 1438 3805 Γερμανικοῦ
1478 3727 1585 3787 τοῦ
1628 3720 1781 3794 υἱέος
1824 3721 2093 3801 Δρούσου
2119 3771 2134 3798 ,
2179 3723 2258 3792 ὥς
2303 3719 2574 3801 εἴρηται,
2618 3722 2762 3784 κατ’

377 3831 579 3895 αὐτῶν
649 3827 1132 3910 ἐστρατευμένου
1204 3853 1264 3894 κ.
1312 3852 1371 3894 τ.
1422 3843 1484 3893 λ.
1567 3829 1657 3894 At
1722 3828 1896 3915 fugit
1955 3828 2281 3893 hominem
2345 3826 2499 3892 haee
2559 3847 2764 3912 neque

375 3936 547 4003 faeta
594 3957 727 4002 esse
769 3936 889 4002 hoe
934 3956 1097 4002 anno
1144 3939 1243 4014 et,
1293 3956 1331 4001 a
1375 3934 1577 4000 Dione
1624 3955 1738 4000 suo
1785 3934 1924 4000 loeo
1974 3934 2097 4012 56,
2155 3934 2274 4012 11,
2327 3932 2388 3998 1.
2438 3932 2480 3998 2
2527 3938 2592 3999 et
2642 3931 2763 4019 16,

382 4043 456 4121 1,
505 4041 548 4107 2
598 4044 942 4108 memoriae
988 4041 1240 4127 prodita
1263 4089 1279 4118 ,
1332 4047 1577 4106 exstare
1622 4043 1819 4105 etiam
1865 4042 1934 4105 in
1980 4038 2193 4104 codiee
2233 4036 2502 4104 Veneto.
2568 4036 2767 4105 Vides

373 4148 659 4215 hominis
694 4148 1195 4234 imprudentiam
1215 4193 1233 4225 ,
1273 4131 1744 4232 impudentiam
1788 4166 2036 4232 quoque
2061 4164 2387 4232 cognosce.
2418 4143 2588 4210 Nam
2611 4165 2761 4210 eum

374 4256 444 4320 in
486 4253 737 4322 Veneto
782 4254 1187 4320 describendo
1235 4255 1315 4320 ad
1359 4275 1509 4319 eum
1554 4256 1769 4338 ipsum
1819 4273 2010 4339 quem
2051 4252 2187 4318 dixi
2224 4251 2442 4317 locum
2488 4254 2764 4320 venisset

374 4361 489 4449 (56
510 4409 529 4442 ,
581 4363 689 4446 11,
739 4361 797 4426 1.
841 4358 934 4446 2),
980 4381 1187 4426 errore
1233 4380 1349 4428 suo
1394 4360 1837 4426 animadverso
1885 4358 2058 4423 huno
2103 4360 2295 4424 tacite
2346 4363 2558 4424 totum
2604 4360 2764 4424 omi-

372 4471 487 4550 sit,
560 4468 772 4538 verbis
833 4486 995 4552 quae
1056 4465 1225 4552 apud
1286 4464 1559 4532 Dionem
1616 4465 1653 4550 ς
1701 4462 1743 4530 3
1791 4460 2174 4549 sequuntur:
2226 4464 2498 4529 ἐντεῦθεν
2544 4463 2608 4529 δὲ
2655 4461 2764 4530 ἐπὶ
