3436 5161
1268 402 1541 455 umus
1584 402 1921 453 sosarnus.
2649 381 2782 454 355

500 568 876 640 Coniunctio
940 568 1123 644 οὕτως
1186 570 1421 637 excidit
1484 571 1698 657 Antiq.
1770 570 1830 635 1.
1896 570 2001 639 19.
2068 568 2142 637 4:
2206 569 2512 649 Ἰάκωβος·
2550 571 2613 637 δὲ
2662 574 2784 655 οὐχ

410 679 461 763 (ο
482 662 702 764 ὅτιος)
765 678 879 744 ὑπὸ
938 688 1065 754 τῆςρ
1112 678 1484 757 συγγενείας
1544 677 1679 743 οὐδὲ
1725 686 1836 753 τῆς
1884 679 1985 744 διὰ
2032 680 2266 751 ταύτην
2315 679 2585 763 εὐνοίας,
2634 680 2783 744 ἄλλ’

408 783 574 865 ἔρωτι
624 795 728 860 τῆς
783 786 999 857 παιδὸς
1034 788 1345 871 ἡττηθείς.
1418 784 1657 850 Rachel
1703 792 1920 851 autem
1968 789 2138 871 ipsa,
2189 788 2406 871 Antiq.
2450 786 2506 850 1.
2557 784 2662 852 19.
2701 785 2780 863 3,

406 891 837 959 delectabatur
899 893 1013 957 ὑπὸ
1076 890 1557 967 νηπιότητος
1620 894 1731 975 τῇ’
1759 894 2059 975 παρουσία
2123 898 2228 958 τοῦ
2285 892 2624 970 Ἰακώβου,
2674 892 2782 957 sed

406 998 639 1064 melius
699 999 1063 1088 intelligam
1128 998 1229 1064 ὑπ’
1291 997 1742 1074 ἠπιότητος.
1829 998 2027 1065 Recte
2095 1001 2375 1085 positum
2447 1006 2542 1065 est
2611 998 2784 1063 κατά
2853 978 2862 987 ’

409 1106 747 1182 νηπιότητα
793 1108 1013 1195 Antiq.
1059 1105 1121 1171 2.
1172 1104 1235 1171 9.
1286 1104 1347 1174 ’7.
2023 1126 2026 1129 ’
2433 1124 2442 1135 “

494 1319 731 1385 Itidem
794 1319 1037 1405 aliquid
1095 1319 1331 1385 excidit
1385 1320 1603 1404 Antiq.
1658 1322 1715 1383 1.
1767 1317 1876 1385 20.
1929 1316 2009 1383 23
2059 1318 2356 1395 Ἰάκωβος
2406 1318 2783 1399 ὑπολελειμ-

405 1426 582 1505 μένος
623 1426 697 1517 (μ
715 1427 747 1493 ὀ
764 1452 792 1492 ν
811 1428 913 1514 ος)
951 1428 1371 1527 φαντάσματι
1408 1428 1724 1507 συντυχὼν
1747 1424 2146 1511 διεπάλαιεν,
2172 1426 2251 1491 cf.
2279 1423 2506 1493 Genea.
2535 1425 2644 1493 32.
2672 1424 2778 1491 24.

495 1645 712 1729 Antiq.
767 1646 823 1708 1.
874 1640 1003 1740 ²1&
1043 1641 1111 1707 l:
1165 1643 1356 1725 ἀπῄει
1404 1642 1517 1717 μὲν
1561 1636 1661 1706 οὖν
1710 1642 1740 1706 ὃ
1787 1640 2131 1719 βασιλεύς,
2181 1639 2444 1722 ἐλπίζων
2484 1639 2783 1721 Ἰάκωβον

406 1748 787 1845 παρέξειν
836 1750 938 1815 τὸν
984 1747 1209 1828 γάμον.
1285 1748 1491 1837 Lege:
1543 1749 1900 1828 πράξειν.

494 1962 591 2059 Ex
637 1963 819 2030 libris
866 1967 1081 2029 eontra
1128 1964 1439 2049 Apionem
1490 1968 1749 2049 apparet
1768 2010 1784 2041 ‚
1835 1969 2146 2048 quantum
2196 1980 2419 2046 operae
2465 1960 2778 2045 Josephus

405 2073 471 2135 in
532 2070 809 2135 Homero
871 2070 1299 2157 cognoscendo
1347 2072 1735 2135 insumserit.
1808 2068 2059 2145 Veluti,
2111 2076 2418 2155 quantum
2471 2069 2780 2146 memini,

408 2196 531 2241 non
591 2182 875 2260 superest
936 2176 1103 2260 apud
1160 2173 1433 2242 Graecos
1478 2177 1935 2262 grammaticos
1982 2176 2336 2240 observat-io
2357 2222 2372 2250 ‚
2422 2172 2781 2238 Homerum

406 2281 616 2370 legem
678 2282 960 2346 nondum
1023 2289 1341 2347 NOMON
1408 2281 1862 2366 appellavisse,
1931 2282 2009 2346 cf.
2077 2303 2130 2346 e.
2194 2282 2420 2365 Apion.
2468 2279 2530 2343 2.
2588 2278 2670 2343 15
2719 2286 2785 2345 et

404 2387 775 2453 incredibile
824 2389 1000 2469 dictu
1048 2394 1177 2465 est,
1227 2394 1537 2473 quantum
1584 2388 1765 2453 nobis
1813 2408 1886 2452 ex
1931 2386 2511 2453 Alexandrinorum
2551 2386 2783 2451 studiis

403 2496 682 2580 perierit.
752 2493 874 2560 Sed
922 2496 1160 2579 ubique
1204 2494 1501 2561 videmus
1545 2495 1671 2578 ipsi
1713 2492 1988 2579 Josepho
2037 2492 2306 2559 Homeri
2355 2493 2636 2557 earmina
2682 2511 2782 2557 ae-

406 2606 622 2668 ourate
684 2603 940 2688 cognita
1001 2599 1234 2666 fuisse:
1298 2601 1537 2665 rariora
1592 2603 1870 2687 vestigia
1931 2604 2082 2664 sunt
2141 2601 2210 2664 in
2255 2597 2439 2664 Bello
2484 2595 2521 2662 J
2528 2598 2781 2675 udai00‚

405 2708 513 2774 sed
576 2707 743 2794 quod
808 2708 1155 2791 exspectari
1220 2710 1546 2791 potuerat,
1607 2709 1673 2770 in
1735 2705 2245 2791 Antiquitatibus
2270 2755 2286 2783 ,
2337 2724 2494 2790 quas
2539 2703 2783 2789 aliquot

404 2814 584 2880 annis
629 2818 771 2899 post
816 2811 1220 2897 conseripsit,
1272 2810 1564 2898 exempla
1608 2811 1954 2897 pullulant.
2027 2811 2152 2879 Sed
2201 2813 2455 2878 invenio
2491 2813 2556 2875 in
2599 2809 2780 2876 Bello

402 2918 553 2986 Jud.
612 2920 673 2985 3.
726 2918 789 2984 8.
841 2919 913 2982 4:
970 2913 1007 2992 ἦ
1053 2917 1299 2996 μεγάλ’
1350 2917 1427 2984 ἂν
1474 2916 1796 2994 ςενάξειαν
1841 2921 1893 2984 οἱ
1944 2915 2182 3000 πάτριοι
2234 2919 2399 2995 νόμοι
2445 2922 2511 2982 et
2555 2915 2620 2981 2.
2673 2915 2777 2984 18.

406 3025 485 3092 83
536 3026 780 3091 ἐτέλουν
827 3025 946 3096 τὰς
997 3025 1288 3104 ἐντολάς,
1338 3026 1403 3090 οὖ
1451 3027 1572 3102 μὴν
1620 3027 2042 3103 άναιμωτΙ
2068 3075 2083 3102 ,
2135 3025 2320 3090 modo
2365 3027 2602 3090 inserta
2639 3045 2784 3111 par-

404 3131 605 3199 ticula
663 3131 877 3220 legas:
941 3133 1009 3197 οὐ
1072 3133 1194 3209 μὴν
1253 3130 1669 3210 ἀναιμωτί
1731 3157 1843 3210 γε.
1928 3132 2026 3198 De
2084 3130 2319 3198 Jaeobo
2366 3131 2534 3216 apud
2581 3129 2780 3195 Laba-

400 3259 558 3304 num
614 3239 884 3305 verbum
946 3239 1235 3312 θητεῦσαι
1294 3243 1463 3304 reete
1524 3245 1872 3322 usurpatur
1930 3239 2146 3324 Antiq.
2217 3236 2274 3302 1.
2344 3235 2447 3301 19.
2499 3237 2540 3298 6
2587 3242 2651 3302 et
2697 3236 2778 3302 ef.

400 3347 617 3431 Antiq.
682 3343 747 3410 8.
798 3343 861 3410 6.
912 3343 971 3411 3.
1045 3343 1253 3430 Impia
1312 3365 1439 3412 vox
1494 3350 1590 3410 est
1636 3344 1960 3412 adulterae
2006 3365 2166 3430 quae
2210 3342 2560 3430 Josephum
2608 3363 2780 3409 ama-

400 3452 547 3536 bat,
596 3451 677 3517 ad
723 3454 1030 3516 maritum
1080 3452 1295 3538 Antiq.
1344 3450 1407 3516 2.
1460 3451 1521 3515 4.
1574 3450 1645 3517 5:
1699 3452 1974 3526 τεθναίης
2025 3448 2164 3531 άνερ
2215 3450 2248 3526 ἦ
2287 3450 2532 3529 πονηρὸν
2572 3449 2778 3515 δοῦλον

401 3557 683 3623 κόλασον.
742 3555 938 3623 Ἐδνα
1002 3564 1173 3624 recte
1224 3563 1289 3624 et
1334 3558 1681 3624 seeundum
1730 3556 1997 3623 Homeri
2044 3577 2234 3623 usum
2282 3556 2450 3623 dieta
2496 3556 2778 3622 invenies

400 3667 616 3752 Antiq.
670 3663 729 3730 6.
787 3664 891 3733 10.
936 3663 1014 3750 2,
1062 3684 1453 3752 quamquam
1503 3664 1832 3730 fatendum
1879 3669 1976 3730 est
2019 3664 2200 3732 brevi
2247 3668 2388 3748 post
2433 3663 2560 3728 diei
2598 3659 2778 3741 ἕδνα,

401 3792 559 3858 quae
614 3771 831 3850 μείλια
894 3772 1164 3837 fuissent
1222 3770 1613 3856 appellanda.
1700 3768 1934 3836 Itidem
1994 3768 2303 3835 notabilia
2367 3768 2568 3836 verba·
2629 3773 2780 3832 sunt

397 3879 614 3966 Antiq.
688 3877 793 3943 15.
841 3876 903 3942 9.
956 3877 1024 3941 6:
1076 3881 1153 3951 ὥς
1202 3877 1345 3948 τούς
1391 3901 1461 3942 τε
1510 3875 1774 3956 ὄμβρους
1826 3877 2103 3956 εὐμαρῶς
2153 3876 2256 3941 καὶ
2305 3875 2390 3940 τοὶ
2440 3873 2776 3952 λύματα

398 3991 515 4049 τῶν
575 3983 890 4066 οἰκητόρων
939 3985 1383 4050 συνεκδίδοσθαι
1428 3988 1491 4048 et
1536 3985 1758 4068 Antiq.
1811 3982 1916 4048 15.
1969 3982 2073 4048 10.
2126 3981 2166 4047 3
2215 3984 2516 4059 σπήλαιον
2565 4004 2776 4061 περι-

398 4089 706 4163 καλλές
754 4099 819 4159 et
866 4091 1089 4178 Antiq.
1151 4090 1255 4157 19.
1312 4092 1371 4157 1.
1426 4090 1510 4156 14
1550 4089 1982 4168 μεσσηγὺς
2030 4095 2136 4155 τοῦ
2185 4113 2254 4155 τε
2303 4089 2466 4164 ὤμου
2514 4089 2618 4153 καὶ
2667 4091 2775 4154 τοῦ

396 4197 739 4278 τραχήλου.
808 4199 943 4264 Nee
1003 4201 1217 4265 minus
1281 4218 1358 4264 ex
1407 4196 1691 4264 Homero
1738 4197 1930 4263 habet
1975 4194 2202 4280 Antiq.
2249 4193 2313 4260 8.
2363 4195 2428 4261 8.
2482 4195 2562 4260 4:
2609 4197 2776 4277 ἀρχὴ

360 4289 598 4372 ’κακῶν
660 4303 903 4382 ἐγένετο
962 4309 1139 4370 τοῦτο
1213 4310 1278 4371 et
1339 4305 1551 4390 Antiq.
1621 4305 1725 4375 15.
1799 4300 1862 4368 8.
1934 4301 2012 4367 3:
2084 4302 2384 4381 μεγάλων
2455 4302 2776 4380 ἡγούμενοι

398 4412 599 4492 άρχὺν
663 4411 863 4506 κακῶν
928 4417 993 4477 et
1056 4413 1271 4496 Antiq.
1330 4409 1434 4476 17.
1486 4409 1544 4478 3.
1596 4408 1673 4475 3:
1723 4413 1902 4476 τοῦτο
1951 4407 2340 4491 Ἀντιπάτρῳ
2389 4415 2588 4476 κακῶν
2635 4405 2777 4485 ἐγέ-

395 4539 528 4584 νετο
574 4517 741 4599 άρχῆ
758 4563 777 4598 ,
826 4517 975 4584 vide
1019 4516 1211 4584 modo
1255 4515 1438 4584 Iliad.
1486 4529 1527 4582 λ
1566 4515 1713 4582 604.
