3436 5161
1415 376 1813 428 naono-rus.
2682 360 2813 429 173

515 544 609 611 III
669 544 756 611 28
812 546 839 610 ὂ
907 545 966 610 δὲ
1021 547 1218 617 ’'An-u,-
1283 545 1530 622 γίνεται
1593 544 1834 625 μόσχος
1900 545 1967 609 ἐκ
2027 544 2168 623 βοὸς
2224 543 2397 620 ἥτις
2448 544 2645 610 οὐκέτι
2696 540 2811 618 οἵη

424 676 506 717 τε
555 654 890 731 γίνεται
940 653 998 723 ἐς
1050 650 1294 731 ras-ipa
1345 648 1538 715 ἄλλον
1584 650 1897 728 βαλέσθαι
1948 650 2147 730 γόνον.
2215 651 2458 718 Locum
2508 651 2815 738 deprava-

423 763 563 825 tum
625 778 760 824 esse
822 757 1091 824 concedo
1156 757 1406 823 Nabero
1423 804 1439 835 ,
1505 757 1614 822 sed
1673 760 1891 822 minus
1947 757 2219 824 feliciter
2267 760 2604 825 coniecisse
2650 758 2814 823 mihi
2890 788 2897 793 ·

421 864 679 950 quidem
719 864 976 929 videtur
1017 860 1142 937 ἥτις
1186 862 1383 928 οὐκέτι
1425 860 1703 937 εἴησαι
1750 860 2085 950 (gna-mange,-
2134 863 2380 945 γάςερα
2428 864 2555 929 xrs.
2604 862 2817 931 Mani-

422 970 583 1035 festo
621 971 792 1035 enim
835 968 1201 1035 Perfectum
1240 975 1462 1054 aptum
1486 988 1610 1033 non
1636 975 1767 1046 est,
1812 974 1876 1035 et
1898 971 1949 1033 si
1975 968 2257 1057 legimus
2298 970 2537 1035 ἐᾶται
2560 1017 2575 1047 ,
2618 972 2811 1034 etiam

422 1077 634 1163 magis
679 1077 1002 1142 evanescit
1049 1076 1448 1141 coniecturae
1497 1074 1837 1141 evidentia.
1910 1074 2225 1161 Equidem
2276 1079 2487 1143 nescio
2537 1094 2617 1141 an
2667 1082 2813 1139 OIH

421 1180 650 1247 leviter
711 1180 1127 1266 depravatum
1194 1182 1281 1245 sit
1342 1201 1420 1245 ex
1483 1188 1682 1245 OCIH
1744 1187 1807 1245 et
1867 1180 2230 1247 Herodotus
2294 1184 2646 1267 scripserit:
2698 1179 2735 1258 ἤ
2752 1204 2811 1244 ν-

420 1312 610 1354 τινα
670 1286 870 1353 οὐκέτι
930 1286 1098 1361 ὃσίη
1171 1288 1510 1364 γίνεται
1575 1288 1634 1357 ἐς
1699 1286 1941 1367 γαςέρα
2003 1286 2200 1353 ἄλλον
2242 1288 2556 1366 βαλέσθαι
2603 1285 2813 1365 γόνον,

422 1393 502 1459 ol.
551 1414 688 1480 cap.
738 1392 824 1459 45
873 1395 1102 1470 κτήνεα
1153 1393 1309 1459 θύειν
1358 1391 1498 1458 οὔκ
1548 1393 1723 1461 ἕςιν
1768 1394 1967 1468 ὃσιή.

512 1612 620 1679 111
684 1610 769 1677 69
832 1634 867 1677 e
923 1612 1311 1699 praegressis
1357 1612 1614 1699 supple:
1665 1610 1736 1689 ἣν
1785 1611 1850 1678 δὲ
1897 1613 1985 1690 μη
2032 1610 2195 1693 ἔχων
2242 1609 2397 1697 (ὦτα
2446 1614 2810 1696 φαίνηται),

420 1717 508 1783 σὺ
575 1718 646 1783 δὲ
710 1715 944 1799 (νόμιζε
993 1717 1261 1790 σεαυτὴν
1308 1718 1653 1795 συνοικέειν)
1703 1720 1787 1799 τῷ
1839 1717 2074 1800 Μάγῳ.
2139 1718 2324 1785 Nihil
2371 1738 2529 1805 opus
2576 1717 2813 1785 Nuberi

421 1827 780 1891 coniectura
825 1823 1149 1889 συνεύδειν.

511 2042 605 2108 ΠΙ
668 2042 750 2111 71
817 2043 887 2118 ἢν
954 2042 1370 2127 ὑπερπέσῃ
1439 2046 1474 2117 ἧ
1527 2048 1626 2109 νῦν
1675 2043 2067 2123 ἧμέρηπῆν
2112 2045 2577 2127 ὑπερβληθῇ
2626 2046 2661 2119 ἦ
2710 2047 2811 2109 νῦν

423 2148 612 2229 ἡμέρη
663 2170 742 2215 ex
787 2156 937 2215 noto
983 2170 1104 2214 usu
1155 2149 1333 2215 verbi
1382 2149 1633 2215 πίπτειν
1681 2156 1745 2215 et
1792 2153 2310 2237 compositorum.
2380 2149 2563 2216 Nihil
2610 2151 2811 2236 igitur

419 2256 786 2344 indigemus
832 2254 892 2321 Ν
897 2256 1070 2321 aberi
1107 2257 1478 2331 ‚coniectura
1519 2255 1851 2338 ὑπέσπερος
1870 2305 1887 2335 ,
1929 2260 2112 2323 cuius
2149 2254 2448 2323 vocabuli
2483 2262 2808 2341 praeterea

417 2360 596 2428 nulla
643 2366 853 2427 exstat
897 2362 1261 2427 auctoritas.

506 2580 685 2648 Haec
739 2583 946 2669 igitur
987 2587 1049 2648 et
1097 2601 1299 2666 pauca
1345 2582 1655 2666 quaedam
1705 2580 1866 2661 alia,
1919 2583 1997 2648 de
2042 2583 2271 2666 quibus
2316 2583 2429 2648 ubi
2476 2603 2635 2667 opus
2682 2583 2807 2648 erit

415 2690 486 2752 in
533 2688 808 2753 editione
853 2708 1000 2753 mea
1048 2687 1352 2764 monebo,
1403 2707 1527 2753 non
1572 2687 1737 2753 mihi
1775 2692 2087 2773 persuasit
2128 2691 2391 2755 amicus.
2442 2686 2557 2754 Sat
2597 2685 2807 2754 multa

416 2801 630 2859 tamen
692 2799 933 2860 restant
989 2813 1151 2879 quae
1212 2795 1545 2860 verissime
1606 2796 1923 2881 corrigere
1987 2796 2153 2860 mihi
2212 2794 2486 2861 videtur.
2575 2792 2640 2859 N
2643 2815 2796 2872 unc,

413 2898 568 2965 licet
624 2899 796 2964 hunc
861 2899 1167 2966 scribendi
1232 2900 1394 2963 mihi
1461 2901 1807 2964 terminum
1875 2919 2064 2986 supra
2109 2903 2481 2978 statuerim,
2529 2900 2806 2966 breviter

411 3003 783 3094 significabo
823 3025 1056 3089 paucas
1097 3025 1273 3070 meas
1320 3026 1476 3090 quas
1523 3007 1806 3072 nondum
1854 3027 2005 3073 cum
2049 3007 2284 3074 lectore
2335 3005 2805 3072 communicavi

413 3113 826 3177 coniecturas.
901 3111 1198 3198 Legerim
1245 3112 1485 3197 igitur:

504 3215 535 3280 Ι
597 3215 722 3294 33,
788 3215 821 3280 1
889 3220 1122 3282 Ταῦτα
1179 3215 1380 3294 λέγων
1429 3218 1514 3298 τῷ
1563 3219 1787 3300 Κροίσῳ
1834 3217 2021 3288 οὔκως
2068 3219 2209 3284 οὔτε
2256 3217 2613 3302 ἐχαρίζετο,
2662 3217 2802 3284 οὔτε

413 3321 566 3362 *¹¹¹*
626 3322 816 3400 λόγου
883 3347 988 3400 μιν
1049 3321 1456 3398 ποιησάμενος
1497 3324 1726 3394 οὐδενὸς
1766 3323 2241 3400 ἀποπέμπεται.
2290 3325 2546 3402 Lacuna
2586 3325 2804 3391 hausit

411 3428 606 3493 verba
669 3426 866 3494 ἔπειθέ
915 3453 1020 3506 μιν
1039 3451 1055 3466 ·
1104 3429 1132 3494 ὂ
1182 3430 1244 3494 δὲ
1291 3437 1404 3495 aut
1452 3429 1697 3515 aliquid
1741 3430 1975 3496 simile.
2046 3431 2223 3497 Iusto
2260 3431 2607 3497 violentius
2645 3430 2801 3496 Din-

414 3532 588 3612 dorf,
639 3534 847 3601 deleto
894 3537 1100 3621 priore
1147 3534 1288 3601 οὔτε
1307 3581 1325 3612 ,
1373 3535 1650 3601 alterum
1696 3538 1979 3602 mutavit
2024 3540 2093 3602 in
2140 3537 2169 3602 ὃ
2216 3537 2303 3602 δέ.

503 3733 535 3800 Ι
585 3735 708 3814 46,
761 3735 846 3800 14
894 3737 954 3808 ἐς
1008 3737 1092 3802 τὰ
1140 3736 1489 3816 ἀπέπεμψε
1537 3737 2247 3814 μαντευσομένους
2296 3745 2557 3816 Κροῖσος.
2632 3738 2799 3804 Nam

413 3841 904 3919 μαντευσόμενος
953 3849 1198 3928 pugnat
1239 3863 1384 3908 cum
1436 3846 1749 3910 constanti
1794 3846 1994 3909 nostri
2044 3864 2217 3910 more
2263 3843 2598 3910 scribendi.

503 4056 538 4121 I
583 4057 706 4144 88,
754 4057 798 4122 2
845 4061 951 4138 ay
968 4065 1119 4141 χοῦ
1167 4081 1280 4145 pro
1326 4061 1562 4139 ἐγγύς,
1613 4061 1783 4146 quod
1828 4083 1951 4128 non
1998 4068 2095 4128 est
2140 4060 2593 4128 Herodoteum.

505 4273 536 4338 I
588 4275 711 4341 111
736 4322 754 4353 ,
809 4274 849 4341 6
895 4278 924 4340 ὃ
973 4280 1087 4354 μὲν
1136 4279 1399 4363 (περὶ)
1445 4283 1552 4344 τοῦ
1601 4278 1779 4344 τόκου
1826 4286 1935 4354 τῆς
1979 4278 2269 4358 γυναικὸς
2312 4281 2647 4363 ἀρρωδέων,
2684 4288 2799 4350 aut

413 4381 548 4446 sine
591 4384 1054 4468 praepositione
1099 4386 1202 4449 τὸν
1249 4383 1443 4451 τόκον.
