3436 5161
123 4943 185 5105 gs*

573 286 705 355 3¹74
1426 305 1703 357 umus
1747 303 2080 357 sosarnus.

567 488 668 539 rat
735 472 1050 558 Josephus
1112 475 1329 559 Antiq.
1385 472 1487 539 15.
1539 472 1600 540 3.
1650 472 1691 540 3
1756 473 2072 560 quomodo
2118 470 2390 539 Herodis
2435 471 2657 538 fraude
2699 468 2943 538 adules-

568 600 715 646 eens
758 578 871 646 ille
918 579 1322 647 Aristobulus
1366 580 1703 647 suffocatus
1749 581 2025 667 perierit.
2099 588 2231 656 Τῆς
2277 580 2482 661 ἑορτῆς
2530 578 2943 657 παρελθούσης

570 688 803 757 εἱςιίὶτο
849 688 960 764 μὲν
1009 690 1071 751 ε’ν
1116 693 1507 768 Ἱεριχοῦντι,
1557 687 1892 770 δεχομένης
1943 687 2166 759 αὐτοὺς
2206 696 2318 762 τῆς
2358 682 2814 764 Ἀλεξάνδρας,
2840 691 2944 765 Φι-

569 792 1038 875 λοφρονούμενος
1092 794 1153 860 δὲ
1200 794 1271 859 τὸ
1318 794 1626 873 μειράκιον
1675 794 1779 858 καὶ
1827 795 2127 875 προελθὼν
2169 794 2254 865 εἰς
2293 794 2481 859 daea
2530 792 2757 859 τόπον
2795 790 2944 857 ’ἕτοι-

567 924 680 977 μος
731 895 797 973 ἦν
846 900 1217 982 συμπαίζειν
1267 901 1372 965 καὶ
1422 902 1826 966 νεανιεύεσθαι
1881 899 2339 979 κεχαρισμένως
2382 900 2601 979 ἐκείνῳ.
2659 899 2788 965 Hie
2825 900 2942 984 pri·

568 1028 751 1073 mum
794 1016 1095 1093 exputare
1132 1028 1375 1095 nequeo
1416 1028 1605 1093 quem
1646 1008 1802 1073 άδεᾶ
1829 1007 2013 1072 τόπον
2036 1006 2320 1073 Herodes
2343 1005 2658 1094 selegerit.
2707 1004 2944 1071 Deinde

568 1116 866 1180 continuo
930 1116 1253 1199 sequitur:
1317 1117 1425 1180 τοῦ
1490 1114 1553 1179 δὲ
1616 1114 1749 1195 περὶ
1813 1114 1916 1179 τὸν
1973 1114 2160 1177 τόπον
2207 1111 2531 1189 ίδιώματος
2578 1109 2943 1190 θερινωτέρου

567 1219 1030 1305 τυγχάνοντος,
1080 1217 1721 1299 συνειλεγμένοι
1768 1218 1994 1301 τάχιον
2040 1216 2284 1295 ἐξῆλθον
2329 1218 2750 1289 ἀλύοντες.
2817 1217 2942 1282 Hic

568 1328 724 1414 qnid
770 1325 1228 1406 συνειλεγμένοι
1276 1328 1396 1404 sit,
1447 1330 1692 1411 nesei03
1735 1326 1842 1392 sed
1882 1346 1995 1411 pro
2035 1326 2326 1397 άλύοντες
2361 1326 2747 1409 reposuerim
2773 1325 2943 1387 ἄπο·
2985 1316 2992 1329 '

568 1433 850 1507 δύντες
874 1456 889 1471 ·
939 1436 1183 1499 sincera
1227 1434 1399 1498 enim
1446 1433 1651 1499 forma
1699 1438 1796 1498 est
1841 1452 1964 1519 qua
2010 1430 2324 1517 Josephns
2367 1431 2594 1495 didicit
2639 1432 2768 1507 nti,
2821 1448 2945 1494 non

568 1540 1043 1618 ἀποδυσάμενοι.
1114 1538 1239 1605 Sed
1287 1561 1397 1606 rex
1444 1561 1588 1605 eum
1639 1541 1857 1605 uxoris
1902 1540 2094 1604 fratre
2140 1538 2449 1623 piscinam
2497 1538 2756 1601 intrant.
2822 1532 2941 1600 Kal

569 1655 709 1719 ταῖς
761 1647 1217 1725 κολυμβήθραις
1269 1645 1632 1723 ἐπιςάντες,
1661 1680 1748 1695 -·
1773 1645 2089 1726 άνέψυχον
2131 1645 2205 1708 τὸ
2254 1641 2621 1737 θερμότατον
2667 1648 2778 1716 τῆς
2827 1664 2945 1719 με·

568 1752 902 1832 σημβρίας.
952 1752 1056 1817 καὶ
1100 1759 1327 1830 πρῶτον
1366 1752 1479 1831 μὲν
1523 1749 1709 1832 ἑώρων
1748 1754 1888 1824 τοὺς
1929 1751 2168 1823 νέοντας
2210 1756 2328 1815 τῶν
2364 1751 2691 1815 οἰκετῶν
2717 1748 2946 1835 (nonne

568 1842 914 1946 legendum
962 1856 1345 1945 οίκείωνῗ)
1395 1858 1500 1924 καὶ
1549 1861 1781 1944 Φίλων,
1823 1857 2042 1924 ἔπειτα
2081 1856 2492 1940 προαχθέντος
2533 1856 2638 1921 καὶ
2675 1858 2781 1921 τοῦ
2815 1878 2947 1933 μει·

571 1967 779 2045 ρακίου
826 1966 910 2045 τῷ
959 1965 1061 2030 καὶ
1112 1965 1215 2030 τὸν
1259 1964 1521 2042 Ἡρώδην
1566 1962 2020 2043 παροξῦναι
2071 1965 2301 2051 (nonne
2349 1959 2943 2049 παροτρῦναιῗ),

571 2076 690 2135 τῶν
752 2071 953 2153 Φίλων
1013 2065 1097 2142 οἷς
1161 2074 1370 2136 ταῦτα
1420 2072 1826 2151 ἐπιτέτακτο,
1878 2071 2218 2145 σκύτους
2266 2068 2770 2153 ἐπισχόντος
2819 2069 2948 2147 βα·

570 2180 807 2258 ροῦντες
870 2176 966 2241 ds)
1032 2176 1151 2242 nal·
1202 2176 1616 2257 βαπτίζοντες
1642 2260 1649 2267 ὁ
1675 2180 1753 2251 ὥς
1803 2180 1864 2244 ἐν
1912 2179 2130 2262 παιδιᾷ
2179 2175 2516 2260 νηχόμενον
2561 2178 2668 2241 οὐκ
2713 2177 2949 2250 άνῆκαν

571 2280 681 2357 ἕως
730 2284 835 2348 καὶ
885 2283 1289 2349 παντάπασιν
1335 2284 1699 2362 ἀποπνῖξαι.
1771 2285 1984 2374 Digna
2039 2306 2188 2351 sane
2231 2305 2354 2351 nex
2399 2286 2734 2350 sanctitate
2780 2282 2949 2349 Pon-

574 2387 765 2455 tificis
825 2388 1139 2456 Maximi!
1210 2390 1333 2457 Sed
1395 2392 1547 2478 quid
1615 2392 1870 2458 tandem
1935 2396 2030 2457 est
2075 2391 2326 2464 σκύτους
2375 2386 2782 2472 ἐπισχόντοςῗ
2849 2390 2950 2455 An

571 2500 865 2568 σκῦτος
918 2496 1465 2579 ἐπισχόντεςΡ
1535 2496 1668 2563 Alii
1712 2498 1988 2563 videant.

661 2711 1029 2776 Absurdum
1091 2712 1360 2777 verbum
1424 2715 1619 2787 ἥττοῖν
1674 2710 1918 2798 legitur
1967 2713 2178 2797 Antiq.
2233 2709 2338 2776 12.
2389 2708 2449 2776 7.
2501 2712 2535 2776 1
2559 2758 2576 2788 ,
2625 2716 2690 2776 et
2733 2714 2950 2776 tamen

569 2837 694 2884 non
740 2816 939 2881 feram
988 2818 1201 2902 Antiq.
1258 2817 1363 2882 15.
1415 2816 1473 2882 3.
1530 2817 1603 2882 5:
1653 2819 1763 2892 τὴν
1812 2818 1864 2883 δ’
1911 2817 2326 2898 Ἀλεξάνδραν
2365 2818 2665 2896 ἥττησε
2704 2817 2819 2894 μὲν
2856 2815 2953 2880 οὐ·

571 2921 667 2988 δὲν
711 2929 827 2987 τῶν
873 2923 1189 3001 τοιούτων,
1236 2945 1386 2989 nam
1434 2931 1766 2991 context-us
1813 2923 2063 3012 flagitat
2101 2925 2504 3002 ἦπάτησε.
2553 2923 2680 2991 Hie
2703 2941 2951 3010 quoque

570 3031 769 3096 miror
816 3029 972 3096 talia
1016 3027 1371 3097 Dindorfios
1415 3036 1478 3096 et
1522 3029 1848 3097 Bekkeros
1895 3031 2116 3119 fugere
2165 3032 2468 3118 potuisse.

657 3243 873 3329 Antiq.
926 3241 1031 3307 15.
1081 3240 1138 3306 3.
1194 3239 1233 3307 5
1277 3241 1525 3308 librarii
1566 3242 1606 3309 J
1610 3243 1917 3329 osephum
1935 3290 1951 3320 ‚
2002 3245 2113 3329 qui
2160 3242 2458 3310 Salomen
2496 3243 2761 3310 duxerat
2809 3243 2940 3310 He·

570 3350 741 3415 rodis
801 3368 1073 3413 sororem
1095 3396 1112 3425 ,
1176 3351 1347 3437 regis
1410 3349 1801 3415 avunculum
1865 3351 2098 3416 fecere:
2165 3349 2530 3416 καταλιπὼν
2589 3354 2692 3416 τὸν
2741 3352 2949 3414 θεῖον

573 3458 762 3521 αὑτοῦ
808 3456 1113 3530 Ἰώσηπον.
1164 3457 1263 3520 An
1303 3455 1465 3521 forte
1510 3457 1910 3522 scribendum
1955 3465 2053 3523 est
2089 3459 2190 3524 τὸν
2231 3454 2651 3538 πενθερόνῗ
2699 3454 2949 3524 Oertius

574 3570 669 3629 est
714 3563 782 3628 in
828 3562 1045 3628 eadem
1095 3563 1491 3650 paragrapho
1538 3563 1615 3628 de
1659 3564 1936 3630 Antonio
1955 3611 1971 3643 ‚
2023 3565 2188 3650 apud
2237 3585 2427 3650 quem
2475 3563 2724 3630 Dellius
2759 3563 2950 3630 Mari·

572 3691 817 3736 ammes
879 3669 1150 3736 formam
1214 3668 1530 3735 extulerat
1590 3690 1713 3735 non
1776 3671 2178 3737 scribendum
2225 3691 2393 3737 esse:
2443 3670 2648 3736 πάλαι
2696 3693 2948 3751 παρα-

572 3777 873 3853 κηκοὼς
924 3775 1070 3855 ὑπὲρ
1120 3784 1229 3850 τῆς
1279 3777 1621 3858 εὐμορφίας
1671 3775 2058 3858 ἐτύγχανεν,
2107 3777 2216 3842 sed
2260 3776 2794 3857 προακηκοώς.

662 3989 879 4073 Antiq.
932 3985 1036 4052 15.
1088 3987 1145 4052 5.
1204 3990 1234 4052 1
1304 3995 1415 4062 τῆς
1476 3989 1684 4068 χώρας
1756 3986 2103 4065 εὖβθτου
2161 3987 2560 4066 μενούσης
2623 3990 2790 4070 αὐτῷ
2836 4012 2949 4053 πο·-

574 4094 687 4160 λὺν
733 4091 845 4169 ἤδη
895 4091 1105 4173 χρόνον
1122 4141 1139 4170 ,
1189 4092 1363 4159 malo
1410 4119 1440 4159 ε
1458 4097 1491 4158 ὖ
1508 4094 1556 4172 β
1575 4119 1603 4159 ο
1623 4117 1701 4158 το
1718 4118 1819 4173 υμ
1838 4095 1866 4159 έ
1884 4120 1913 4159 ν
1931 4119 1965 4169 n
1988 4119 2039 4166 ς.
2107 4095 2192 4160 Et
2237 4095 2428 4180 paulo
2477 4101 2650 4180 post:
2701 4094 2822 4160 οὐδ’
2865 4097 2950 4168 εἷς

575 4207 799 4283 χεῖρας
860 4199 1052 4265 ἐλθεῖν
1116 4200 1147 4264 ἐ
1163 4224 1212 4265 π
1229 4226 1246 4266 ι
1263 4225 1302 4265 τ
1319 4223 1348 4278 ρ
1364 4201 1393 4266 έ
1411 4207 1464 4282 ψ
1480 4227 1523 4266 α
1542 4225 1571 4265 ν
1588 4227 1625 4265 τ
1644 4227 1671 4266 ε
1691 4227 1722 4273 ς
1783 4208 1908 4273 τοῖς
1975 4202 2287 4278 πολεμίοις
2306 4249 2322 4280 ,
2385 4203 2808 4268 necessarium
2855 4206 2952 4267 est

574 4309 865 4374 futurum
914 4307 944 4370 ε’
962 4331 1011 4370 π
1028 4329 1100 4372 ιτ
1118 4330 1148 4387 ρ
1165 4308 1192 4372 έ
1212 4313 1265 4388 ψ
1282 4331 1309 4372 ο
1326 4333 1355 4371 ν
1375 4331 1413 4372 τ
1430 4332 1458 4372 ε
1478 4330 1531 4379 ς.
1602 4306 1880 4372 Ibidem:
1927 4307 2046 4381 τὰς
2093 4307 2430 4387 προθυμίας
2477 4309 2564 4380 εἷς
2613 4308 2750 4382 τοὺς
2792 4308 2880 4386 ὂμ
2895 4331 2950 4373 ο-

577 4428 727 4493 λογ
748 4411 1133 4492 ουμένους
1196 4414 1441 4494 ἐχθροὺς
1511 4403 2048 4490 ἐκδαπανήσαντες
2069 4463 2088 4500 ,
2149 4413 2323 4503 lege:
2391 4415 2589 4492 ὃμολ
2611 4439 2700 4494 ογ
2720 4413 2948 4494 ουμέ-
