3436 5161
1091 397 1416 448 sumans
1460 399 1546 448 nn
1591 399 2005 449 ons-romnus.
2611 381 2743 449 259

361 563 518 630 toris
563 565 806 649 optime
852 565 1254 648 exprimunt,
1305 569 1520 630 tamen
1562 587 1600 629 a
1635 565 1872 631 tradita
1909 563 2181 630 lectione
2218 565 2495 630 nimium
2540 565 2745 632 disce-

360 668 508 735 dere
571 669 888 736 videntur.
972 667 1376 755 Simplicior,
1441 672 1662 757 opinor
1679 718 1697 749 ‚
1752 669 2129 736 emendandi
2175 672 2339 736 ratio
2384 671 2541 736 haec
2586 673 2727 749 erit,

361 777 418 840 si
463 775 778 840 scribatur
819 799 1168 861 quamquam
1204 777 1337 840 val
1349 777 1486 841 ida
1525 777 1633 841 diu
1672 783 2069 841 curantur
2106 787 2283 863 atque
2338 779 2741 843 elaborantur.

352 879 451 947 of.
502 879 648 947 Son.
698 881 776 946 de
823 884 954 961 ira,
1001 881 1090 947 Π.
1148 881 1250 948 15.
1311 883 1370 948 1.

443 1080 548 1146 10.
623 1082 827 1152 Tecum
889 1081 1037 1144 mihi
1057 1131 1074 1165 ,
1147 1081 1458 1156 Materne,
1527 1103 1624 1144 ree
1671 1089 1791 1157 eet,
1848 1079 2040 1165 quod,
2090 1103 2219 1144 cum
2266 1089 2487 1147 natura
2534 1089 2591 1146 te
2636 1090 2747 1146 tua

349 1194 416 1252 in
477 1209 666 1252 arcem
726 1187 1094 1272 eloquentiae
1144 1188 1321 1274 serat
1338 1236 1357 1271 ,
1425 1209 1629 1252 errare
1689 1188 1876 1252 mavis
1922 1194 1979 1251 et
2024 1209 2251 1251 summa
2294 1190 2620 1272 adepturus
2663 1195 2690 1251 i
2704 1213 2746 1253 n

351 1293 813 1358 levioribus
868 1294 1163 1359 subsistis.

444 1396 830 1486 'tropologia
904 1399 1188 1485 postulat
1265 1405 1340 1466 ut
1401 1420 1516 1484 pro
1577 1399 1967 1464 inlevioribuc
2022 1399 2337 1465 scribatur
2397 1405 2465 1464 in
2533 1401 2747 1486 infe-

351 1505 742 1570 rioribus.
773 1543 854 1556 -
882 1507 1050 1591 Apte
1088 1527 1236 1572 cum
1279 1506 1398 1571 hoc
1442 1505 1582 1572 loco
1627 1509 1982 1591 comparari
2028 1515 2293 1591 possunt
2339 1527 2501 1592 quse
2522 1505 2747 1594 legun-

360 1619 468 1678 tur
528 1613 695 1697 apud
759 1612 1228 1695 Quintilianum
1294 1615 1363 1677 in
1430 1612 1721 1678 Prooem.
1769 1611 1894 1677 20:
1944 1631 2097 1677 nam
2145 1618 2241 1679 est
2288 1619 2455 1678 certe
2500 1612 2744 1698 aliquid

360 1714 802 1784 consummata
847 1718 1238 1804 eloquentia,
1289 1739 1493 1803 neque
1539 1719 1614 1784 ad
1659 1738 1803 1784 eam
1842 1721 2169 1802 pervenire
2208 1724 2437 1784 natura
2476 1719 2747 1784 humani

361 1824 606 1911 ingenii
665 1824 978 1910 prohibet.
1052 1823 1235 1905 Quod
1295 1827 1353 1888 si
1399 1845 1526 1889 non
1573 1825 1931 1910 contingat,
1986 1822 2253 1888 altius
2298 1830 2513 1890 tamen
2560 1827 2749 1890 ibunt

361 1931 474 2014 qui
531 1929 611 1994 ed
673 1951 848 1995 sum
866 1952 931 1995 m
951 1951 990 1996 a
1049 1933 1373 2015 nitentur,
1430 1950 1622 2016 quam
1685 1932 1799 2016 qui
1856 1935 2267 2015 praesumpta
2314 1930 2747 2016 desperatione

361 2055 489 2122 quo
531 2035 737 2104 velint
781 2036 1128 2122 evadendi,
1174 2038 1464 2123 protinus
1510 2038 1738 2102 circs
1783 2037 1948 2101 ima
1992 2036 2582 2103 substiterint.

375 2201 382 2210 ’
455 2215 560 2284 16.
630 2218 792 2284 Nam
836 2224 894 2283 ci
917 2267 934 2284 .
963 2265 982 2282 .
1008 2266 1024 2284 .
1054 2267 1069 2282 .
1117 2224 1173 2282 ie
1220 2229 1308 2283 est
1346 2241 1592 2302 maynuc
1638 2228 1696 2283 et
1734 2241 1912 2283 verus
1948 2241 2141 2283 annue
2178 2241 2291 2305 quo
2314 2221 2512 2284 eadem
2533 2220 2750 2303 positio

361 2323 516 2388 caeli
558 2324 932 2410 siderumque
946 2373 964 2404 ‚
1013 2347 1164 2410 quae
1213 2348 1341 2388 cum
1386 2330 1636 2389 maa-ime
1680 2335 1769 2388 eet
1787 2371 1803 2402 ,
1853 2347 2087 2388 rursum
2135 2325 2377 2404 existet,
2427 2331 2592 2410 isque
2637 2350 2747 2390 an-

361 2453 476 2494 nue
531 2432 738 2495 horum
753 2483 770 2516 ‚
836 2455 980 2517 quoe
1032 2455 1140 2497 noc
1187 2455 1454 2497 vocamus
1472 2479 1488 2510 ,
1536 2453 1827 2496 annorum
1873 2431 2171 2496 duodecim
2216 2432 2389 2496 milia
2430 2445 2750 2516 nongentos

361 2537 797 2624 quinquaqinta
858 2546 1140 2623 quattuor
1199 2539 1602 2623 complectitur
1619 2586 1636 2618 ‚
1698 2536 2003 2621 incipit
2060 2539 2479 2603 Demosthenes
2526 2546 2747 2617 vester,

363 2666 528 2729 quem
591 2666 692 2709 voe
749 2652 996 2709 veterem
1052 2656 1110 2709 et
1165 2646 1472 2731 antiquum
1511 2644 1751 2725 finqitie
1796 2664 1917 2707 non
1959 2642 2147 2707 solum
2194 2644 2389 2708 eodem
2437 2668 2591 2711 anno
2636 2668 2749 2731 quo

363 2772 504 2827 noe,
550 2750 660 2813 sed
701 2750 880 2814 etiam
926 2752 1120 2829 eodem
1164 2773 1358 2817 mense
1403 2750 1846 2815 eustitieee.
1895 2749 2030 2812 sed
2073 2756 2307 2815 tramea
2356 2756 2505 2817 cett.

456 2853 1124 2941 Conicioprinceps
1169 2860 1328 2923 ille
1373 2857 1789 2921 Demosthenes
1834 2864 2026 2920 vester
2056 2901 2072 2919 .
2100 2903 2117 2919 .
2147 2903 2165 2920 .
2194 2900 2210 2921 .
2260 2856 2609 2923 exstitit.
2650 2856 2748 2923 Of.

365 2963 582 3044 Quint.
648 2964 733 3031 X.
797 2964 859 3029 1.
927 2963 1051 3031 ¹76:
1118 2971 1442 3030 oratorum
1505 2963 1694 3051 longe
1756 2964 2049 3048 princeps
2108 2959 2601 3041 Demosthenes;
2650 2962 2751 3030 Id.

363 3070 522 3136 XII.
573 3070 637 3135 2.
687 3069 812 3136 22:
860 3070 1320 3137 Demosthenes
1367 3064 1658 3155 princeps
1705 3070 2000 3134 omnium
2044 3064 2347 3134 Graeciae
2384 3072 2709 3133 oratorum
2726 3088 2744 3147 ς
2808 3120 2832 3151 ,

363 3176 536 3245 Dial.
582 3176 703 3244 25:
756 3180 924 3243 inter
970 3180 1218 3245 Atticos
1266 3184 1542 3243 oratores
1589 3178 1837 3261 primae
1884 3172 2300 3239 Demostheni
2355 3174 2747 3241 tribuuntur.

455 3284 552 3351 Ex
599 3285 828 3350 exstitit
869 3286 978 3349 ced
1019 3284 1207 3356 facile
1254 3284 1548 3349 eustiticee
1585 3284 1739 3348 oriri
1786 3282 2021 3367 potuit.

463 3462 570 3534 17.
637 3468 848 3531 Adiice
913 3466 1146 3530 Tiberii
1189 3474 1310 3531 tres
1357 3473 1412 3531 et
1459 3464 1674 3547 viqinti
1689 3511 1706 3541 ‚
1758 3470 1815 3528 et
1850 3486 2040 3547 prope
2082 3462 2541 3548 quadriennium
2592 3460 2749 3543 Gai,

366 3597 440 3640 ac
500 3572 592 3638 bie
647 3584 966 3660 quaternos
1025 3574 1204 3637 denos
1273 3568 1522 3637 Claudii
1583 3577 1640 3635 et
1702 3570 1967 3635 Neronis
2035 3592 2226 3635 annos
2244 3619 2263 3649 ,
2337 3578 2514 3656 atque
2579 3570 2753 3635 illum

369 3680 597 3745 Galbae
639 3688 696 3745 et
751 3680 1000 3746 Ochum
1045 3686 1102 3744 et
1161 3678 1401 3745 Vitellii
1448 3682 1683 3761 lonqurn
1730 3685 1785 3743 et
1832 3701 2060 3742 unum
2107 3700 2350 3743 annum.

454 3786 680 3853 Potius
719 3788 1078 3872 scripserim
1127 3787 1361 3869 lonqum
1409 3796 1470 3848 et
1513 3786 1715 3849 duru
1734 3808 1788 3850 m
1836 3807 2057 3849 annm
2103 3786 2145 3849 i.
2175 3806 2231 3851 e.
2282 3778 2751 3850 calamitosum.

364 3888 464 3959 cf.
512 3889 644 3958 Cic.
693 3914 806 3979 pro
855 3894 1025 3959 dom.
1077 3890 1205 3979 93;
1252 3914 1366 3978 pro
1413 3890 1618 3959 Balbo
1666 3889 1785 3969 343
1840 3892 1985 3959 Liv.
2034 3890 2345 3958 XXXIV.
2398 3890 2459 3957 5.

455 4072 564 4143 20.
643 4076 806 4158 Quid
865 4076 1054 4159 enim,
1119 4080 1176 4140 ci
1235 4075 1574 4149 infirmiora
1626 4076 1833 4141 horum
1882 4087 2199 4159 temporum
2246 4074 2462 4157 templa
2506 4074 2748 4154 credas,

365 4184 508 4271 quia
570 4206 688 4249 non
748 4184 892 4248 rudi
944 4190 1235 4247 caemento
1286 4193 1347 4247 et
1407 4182 1768 4267 informibus
1814 4192 1941 4264 ιαμ
1959 4204 1999 4245 u
2018 4180 2132 4245 lie
2179 4187 2603 4259 exstruuntur,
2652 4182 2759 4245 sed

365 4312 654 4355 mar-more
699 4295 888 4354 nitent
935 4298 990 4354 et
1035 4311 1184 4354 auro
1232 4294 1554 4353 radiantur
1572 4288 1606 4352 ?

460 4396 625 4477 Quia
669 4397 926 4484 tegulae
971 4397 1240 4461 minime
1285 4394 1502 4461 valent
1549 4394 1627 4460 ad
1678 4392 2038 4460 aedificium
2080 4394 2539 4461 exstruendum
2557 4444 2575 4469 ,
2616 4414 2747 4460 corh

365 4502 708 4591 rigendum
757 4508 914 4590 puto
961 4502 1104 4567 rudi
1149 4509 1436 4569 caemento
1484 4510 1544 4567 et
1585 4500 1949 4587 informibus
1996 4505 2065 4567 ti
2072 4499 2283 4583 quie.
