3436 5161
1445 407 1684 456 mosao.
1756 399 1761 404 ’
2687 389 2772 454 49

479 567 782 636 Notabile
835 570 1200 657 exemplum
1264 573 1686 657 corruptionis
1748 575 1815 636 in
1882 573 2099 637 eadem
2172 572 2569 658 paragrapho
2638 578 2772 639 est:

390 696 620 761 „quem
667 677 946 762 (lovem)
996 699 1198 743 unum
1242 681 1532 744 omnium
1575 679 1843 744 deorum
1890 683 1955 743 et
1992 679 2331 744 hominum
2376 699 2591 766 regem
2641 699 2774 744 esse

388 804 606 849 omnes
667 783 838 850 docti
901 785 1268 869 indoctique
1330 784 1432 869 (1⁸
1453 803 1580 848 m.:
1649 804 1869 849 omnes
1930 785 2251 870 doctique)
2316 785 2570 868 ampoliri
2630 805 2775 849 con·

386 889 726 966 sentiunt’',
792 911 916 954 non
981 897 1114 956 tam
1182 892 1332 976 quia
1394 911 1546 959 vera
1607 891 1732 956 loci
1794 891 1997 956 forma
2044 892 2194 955 hinc
2242 893 2494 956 restitui
2543 894 2771 976 possit,

385 1017 578 1082 quam
641 996 809 1082 quod
871 996 952 1062 ad
1009 998 1509 1083 cognoscendam
1578 997 1811 1063 codicis
1874 1000 2185 1062 rationem
2232 999 2529 1082 pertinet.
2600 995 2775 1077 Quae

385 1125 462 1169 ex
521 1101 638 1168 illo
702 1101 1010 1169 vocabulo
1071 1103 1354 1168 fecerunt
1410 1105 1536 1169 viri
1586 1103 1757 1169 docti
1808 1103 2103 1189 (pariter,
2153 1110 2377 1167 natum
2424 1103 2773 1168 secundum

383 1209 629 1295 Haupt.
693 1209 920 1275 Herm.
983 1208 1096 1274 IV.
1164 1207 1296 1274 148
1355 1230 1431 1274 ex
1482 1233 1554 1273 ea.-
1589 1211 1788 1292 parili
1806 1259 1824 1292 ,
1872 1210 2146 1272 doctrina
2192 1209 2442 1292 capolia·
2486 1233 2602 1272 meo
2650 1209 2774 1294 ore)

384 1335 610 1400 parum
673 1314 1027 1400 probabilia
1088 1321 1270 1400 sunt3
1336 1322 1682 1401 praestaret
1750 1318 1969 1401 utique
2034 1324 2089 1380 et
2140 1317 2359 1398 populi
2402 1321 2513 1378 toti
2560 1315 2775 1398 (Expo-

384 1423 702 1508 pumton)
717 1442 736 1500 3
803 1422 912 1487 sed
975 1428 1236 1507 apparet
1298 1423 1404 1487 hic
1465 1425 1668 1487 maior
1731 1443 1810 1488 ex
1872 1421 2109 1487 litteris
2180 1423 2415 1505 partim
2489 1420 2777 1484 evanidis

383 1531 536 1593 nata
581 1525 936 1612 corruptela
956 1575 974 1604 ‚
1020 1548 1182 1612 quae
1223 1549 1300 1592 ex
1337 1528 1680 1614 archetypo
1720 1528 1955 1593 codicis
2000 1527 2259 1592 fluxisse
2300 1526 2583 1601 videtur,
2617 1544 2771 1609 quo-

385 1635 558 1698 niam
625 1654 662 1698 a
707 1653 900 1698 manu
948 1633 1225 1698 secunda
1269 1652 1393 1698 non
1441 1633 1692 1699 sublata
1736 1639 1877 1711 est3
1927 1632 2083 1698 talia
2129 1640 2280 1696 sunt-
2327 1634 2393 1695 in
2440 1631 2559 1696 hoc
2610 1631 2775 1696 libro

385 1759 544 1803 rara.
618 1737 936 1804 Similiter
983 1741 1018 1823 ξ
1069 1738 1188 1804 55:
1247 1739 1402 1821 „hac
1455 1738 1804 1824 (libertate)
1852 1757 2072 1805 omnes
2117 1746 2413 1802 earetaere
2452 1740 2588 1803 sive
2635 1739 2774 1823 reg-i

386 1845 522 1910 sive
565 1845 982 1930 optimatibus
1029 1845 1342 1910 serviant”
1388 1843 1554 1930 quod
1601 1842 1768 1908 nihil
1814 1850 1909 1909 est
1956 1843 2133 1909 aliud
2181 1847 2306 1908 nisi
2354 1865 2499 1909 casu
2547 1849 2771 1908 natum

385 1957 742 2016 monstrum
803 1972 880 2016 ex
943 1973 1176 2028 carere3
1221 1949 1478 2030 'librarii
1533 1950 1755 2015 oculus
1802 1950 2113 2016 inciderat
2166 1954 2235 2014 in
2281 1955 2536 2014 caritate
2582 1948 2774 2034 paulo

385 2063 533 2122 ante
593 2055 834 2123 lectum
855 2104 871 2135 ‚
935 2060 1186 2143 scriptis
1232 2057 1469 2122 litteris
1515 2058 1711 2120 carita
1760 2075 2033 2122 errorem
2081 2079 2268 2122 suum
2324 2057 2775 2122 animadvertit

386 2169 450 2228 et
495 2186 626 2228 -ere
671 2163 917 2229 addidit
964 2163 1204 2229 oblitus
1250 2163 1457 2228 delere
1503 2162 1751 2229 litteras
1793 2163 1899 2226 ita.
1974 2163 2267 2229 Fortasse
2306 2162 2470 2228 illud
2512 2163 2772 2245 expoliri

384 2269 688 2335 similiter
731 2275 956 2335 natum
1006 2275 1102 2334 est
1150 2291 1224 2334 ex
1273 2271 1581 2353 proximis
1627 2271 1709 2353 (c.
1762 2268 1845 2333 35
1893 2267 2065 2354 fin.)‚
2118 2269 2555 2356 dittographia
2592 2288 2771 2333 voca-

386 2375 524 2440 buli
570 2376 860 2458 expcdiri.
935 2375 1584 2460 Interpretamentum
1633 2377 1701 2438 in
1750 2377 2045 2461 margine
2092 2377 2401 2460 scriptum
2450 2381 2585 2439 erat
2622 2372 2771 2457 §60

395 2501 579 2560 „eam
626 2479 890 2547 consilio
935 2481 1142 2546 sedari
1189 2479 1511 2559 volebat”‚
1559 2481 1727 2565 quod
1776 2483 2051 2545 removit
2102 2477 2324 2544 Halm.

480 2693 589 2759 56.
636 2694 1002 2761 Intricatior
1045 2694 1376 2760 sententia.
1448 2694 1591 2759 Hoc
1631 2692 1807 2760 vult:
1851 2695 1987 2759 sive
2027 2692 2397 2779 popularem
2442 2696 2771 2779 sequimur

385 2802 746 2885 opinionem
807 2802 942 2866 sive
1003 2802 1318 2886 sapientes
1337 2848 1354 2878 ‚
1409 2820 1575 2865 unus
1621 2808 1716 2865 est
1763 2800 1922 2865 caeli
1969 2806 2296 2885 terraeque
2344 2801 2728 2887 gubernator
2748 2848 2765 2878 ‚

383 2906 821 2971 monarchiam
887 2908 1140 2991 utrique
1204 2908 1396 2971 tacite
1443 2905 1708 2991 probant
1726 2926 1742 2983 3
1794 2926 2105 2993 magnum
2150 2906 2268 2971 hoc
2317 2906 2395 2971 ad
2444 2905 2767 2992 singulare

383 3013 730 3095 imperium
772 3012 1168 3096 probandum
1212 3018 1612 3077 momentum
1651 3012 1863 3077 habet.
1936 3012 2259 3096 Exprimit
2307 3011 2427 3077 hoc
2475 3032 2587 3096 per
2627 3032 2763 3076 sen·

383 3118 653 3181 tentiam
704 3118 1158 3182 disiunctivam
1208 3118 1360 3203 (sive
1385 3156 1467 3167 —
1493 3118 1642 3202 sive)
1691 3120 1781 3183 sic
1822 3123 1895 3182 ut
1936 3124 2283 3203 utrumque
2323 3104 2767 3183 disiunctionis

382 3221 746 3287 membrum
797 3242 978 3287 suam
1025 3222 1326 3307 apodosin
1374 3223 1640 3300 habeat;
1689 3226 1825 3289 sive
1872 3224 2229 3309 principum
2281 3225 2591 3288 sententia
2630 3242 2763 3309 per·

383 3329 554 3392 suasi
591 3326 994 3393 crediderunt
1039 3327 1260 3413 populi
1309 3330 1508 3393 unum
1557 3348 1691 3393 esse
1740 3328 1994 3406 Iovem,
2044 3348 2282 3416 magna
2320 3335 2415 3393 est
2454 3332 2590 3394 eius
2628 3350 2765 3395 sen-

382 3435 620 3498 tentiae
687 3436 1030 3498 auctoritas
1054 3482 1068 3509 ,
1135 3435 1270 3499 sive
1325 3440 1421 3499 est
1478 3433 1593 3498 illa
1655 3436 1734 3499 de
1796 3434 1946 3500 Iove
2009 3437 2222 3521 opinio
2286 3434 2506 3520 populi
2563 3454 2763 3511 error,
2812 3444 2817 3449 “

382 3538 679 3605 audiendi
753 3541 1096 3623 sapientes,
1175 3542 1285 3624 qui
1368 3560 1568 3605 unum
1643 3561 1891 3625 quoque
1961 3541 2447 3627 gubernatorem
2522 3540 2762 3604 dicunt.

383 3642 590 3709 Verba
649 3645 740 3709 ita
787 3644 1144 3709 consensisse
1184 3656 1390 3725 qentes
1436 3646 1815 3732 epexegesin
1864 3649 2221 3711 continent:
2272 3666 2505 3731 magna
2551 3649 2765 3709 aucto·

381 3752 540 3815 ritas
573 3750 727 3815 haec
768 3756 898 3829 est,
940 3750 1108 3835 quod
1146 3772 1375 3836 nempe
1415 3759 1863 3816 consenserunt
1898 3756 2138 3838 gentes.
2188 3750 2517 3816 Inficetum
2546 3758 2761 3815 autem

381 3854 886 3919 additamentum
955 3862 1085 3920 est:
1139 3858 1234 3934 „si
1285 3857 1541 3941 quidem
1592 3860 1799 3921 omnis
1845 3856 2085 3921 multos
2133 3856 2441 3941 appellari
2487 3855 2763 3941 placet’'.

380 3959 516 4025 Nec
577 3959 711 4025 illis
771 3962 1100 4028 voca-bulis
1149 3964 1400 4027 omissis
1448 3962 1797 4047 quidquam
1848 3962 2252 4027 desideratur.
2331 3960 2491 4026 Vide
2536 3962 2760 4027 modo:

383 4064 582 4143 „Sive
641 4066 796 4132 haec
861 4068 941 4132 ad
1005 4068 1353 4133 utilitatem
1415 4071 1585 4134 vitae
1647 4071 1996 4133 constituta
2058 4078 2208 4133 sunt
2265 4087 2301 4131 a
2372 4068 2763 4153 principibus

377 4192 591 4237 rerum
657 4173 1096 4257 publicarum,
1161 4180 1236 4239 ut
1296 4195 1405 4239 rex
1466 4180 1799 4259 putaretur
1858 4195 2023 4238 unus
2089 4194 2222 4239 esse
2278 4176 2345 4237 in
2392 4174 2593 4249 ca010‚
2651 4177 2763 4259 qui

376 4285 538 4343 nutu
559 4327 578 4362 ,
639 4285 712 4343 ut
770 4281 864 4344 ait
925 4279 1063 4364 (ille
1121 4279 1264 4345 add.
1331 4280 1639 4363 Dobree)‚
1703 4284 1915 4344 totum
1964 4278 2319 4367 Olympum
2371 4285 2763 4345 converteret

375 4383 678 4469 idemque
743 4389 808 4449 et
867 4406 979 4449 rex
1043 4390 1108 4450 et
1154 4391 1332 4471 pater
1377 4386 1716 4451 haberetur
1762 4387 2047 4450 omnium
2070 4432 2087 4461 ,
2136 4404 2373 4472 magna
2418 4388 2761 4450 auctoritas

376 4493 477 4557 est
543 4488 867 4577 multique
927 4494 1118 4556 testes
1136 4539 1153 4570 ,
1221 4493 1312 4556 ita
1373 4492 1757 4557 consensisse
1816 4502 2070 4578 gentes,
2136 4491 2401 4556 decretis
2462 4490 2762 4557 videlicet

2434 4613 2467 4661 4
