3436 5161
1314 373 1591 421 umus
1635 372 1973 422 sosnrnus.
2702 352 2835 418 283

449 535 686 620 scripta
732 543 848 601 est.
909 535 1092 610 Quod
1133 537 1304 602 idem
1343 540 1412 600 in
1450 536 1601 602 libri
1649 536 1731 604 15
1772 545 1948 624 parte
1989 547 2339 622 postrema,
2380 543 2519 600 tum
2562 539 2629 600 in
2654 535 2837 601 libris

455 642 573 718 16,
645 639 728 707 17
796 647 861 706 et
925 641 1010 705 le
1075 643 1580 710 animadvertere
1641 643 1815 709 licet.
1886 643 2212 723 Quantum
2274 644 2385 707 isti
2432 663 2471 707 a
2518 642 2833 726 prioribus

453 745 634 812 libris
681 747 1012 826 differant,
1062 748 1190 814 dici
1237 753 1350 814 vix
1396 757 1622 834 potest.
1697 750 1888 815 Liber
1934 747 2022 814 20
2062 749 2410 815 orationem
2451 749 2643 813 habet
2683 747 2835 814 faci-

453 851 580 917 lem
629 875 702 919 ac
748 856 1184 939 perspicuam,
1233 857 1340 921 sed
1387 877 1606 922 rursus
1654 863 1794 922 tum
1844 858 1924 920 ab
1972 856 2107 932 his,
2159 861 2299 920 tum
2348 856 2427 919 ab
2472 853 2605 918 illis
2652 874 2833 940 mag-

451 978 678 1043 nopere
738 961 1028 1026 diversus
1089 961 1251 1028 est”.
1324 962 1458 1027 Nec
1518 963 1704 1028 video
1769 962 2085 1048 quomodo
2145 962 2265 1027 hoc
2320 961 2595 1046 explices
2614 1007 2631 1036 ,
2679 979 2827 1024 nam

450 1084 552 1129 res
613 1067 880 1130 incurrit
939 1069 1007 1131 in
1052 1067 1304 1146 oculos,
1349 1071 1474 1134 nisi
1521 1089 1740 1134 sumas
1784 1067 2133 1153 Josephum
2181 1074 2389 1133 totum
2440 1067 2709 1150 pendere
2755 1085 2833 1130 ex

450 1167 762 1246 fontibus,
785 1197 792 1204 ·
815 1173 1048 1257 quibus
1093 1193 1246 1237 usne
1295 1179 1410 1238 est.
1481 1173 1698 1238 Veluti
1746 1175 1981 1239 abusus
2028 1173 2287 1257 quidam
2338 1179 2433 1237 est
2468 1175 2537 1236 in
2574 1191 2649 1237 ea
2687 1191 2830 1255 ope-

382 1282 386 1286 '
453 1275 543 1338 ris
589 1282 768 1359 parte
813 1279 1170 1363 participii,
1218 1279 1422 1344 futuri
1460 1283 1869 1365 praesertim,
1918 1280 1995 1344 de
2033 1300 2155 1364 quo
2193 1277 2536 1344 Holwerda
2574 1277 2645 1342 ll.
2687 1275 2833 1341 dili-

448 1387 676 1466 genter
735 1384 890 1468 egit.
959 1383 1334 1450 Adscribam
1399 1406 1598 1450 unum
1665 1384 2025 1472 exemplum
2053 1431 2069 1462 ‚
2128 1405 2276 1450 nam
2340 1385 2461 1450 hoc
2523 1385 2680 1448 satis
2734 1389 2831 1448 est

448 1489 524 1548 ut
571 1505 647 1550 ea
693 1507 792 1552 res
837 1497 1252 1575 cognoscatur
1268 1539 1288 1574 ,
1335 1491 1502 1577 quod
1547 1493 1875 1556 invenitur
1920 1510 1995 1555 eo
2040 1489 2179 1555 loco
2226 1491 2334 1574 qni
2383 1494 2479 1554 est
2525 1488 2605 1552 de
2649 1487 2831 1552 Decii

446 1590 676 1656 Mundi
737 1599 802 1658 et
861 1593 1170 1664 Paulinae
1229 1597 1586 1662 amoribus:
1653 1599 1993 1662 κελεύουσα
2050 1597 2349 1668 παντοίως
2404 1595 2503 1660 ἐπὶ
2554 1595 2653 1673 τῷ
2700 1607 2835 1666 λη·-

445 1698 768 1779 &ouium
815 1701 926 1774 τὴν
973 1698 1274 1780 ἄνθρωπον
1321 1702 1696 1768 σπουδάσαι.
2226 1705 2233 1710 ’

537 1802 870 1870 Vendebat
913 1805 1228 1892 Josephus
1271 1808 1469 1874 libros
1514 1829 1660 1874 suos
1700 1816 1799 1886 et,
1840 1810 1990 1892 quia
2030 1809 2361 1895 negotium
2404 1807 2561 1871 bene
2601 1808 2661 1870 ei
2700 1825 2829 1870 ces-

443 1915 642 1988 serat,
686 1914 940 1996 scriptis
979 1919 1220 1997 septem
1263 1913 1446 1979 libris
1485 1915 1562 1980 de
1599 1913 1779 1980 Bello
1816 1913 2086 1980 Judaico
2123 1923 2265 1999 post
2304 1913 2551 1978 addidit
2590 1912 2830 1998 viginti

444 2014 606 2080 alios
665 2015 743 2082 de
801 2016 1321 2102 Antiquitatibus
1381 2041 1532 2086 suae
1587 2023 1819 2108 gentis.
1906 2017 2081 2084 Audi
2145 2020 2365 2102 modo,
2436 2038 2825 2103 quamquam

440 2119 618 2186 locus
665 2128 762 2187 est
805 2123 1000 2208 paulo
1043 2124 1328 2212 longior:
1375 2131 1682 2191 Τοσοῦτον
1731 2125 1797 2190 δέ
1844 2151 1945 2203 μοι
1994 2134 2199 2205 περιῆν
2249 2126 2461 2204 θάρσος
2512 2132 2623 2199 τῆς
2672 2125 2827 2197 ἀλη-

443 2227 646 2312 θείας,
711 2225 824 2296 ὥςε
881 2233 1150 2309 πρώτους
1199 2235 1447 2297 πάντων
1492 2233 1627 2302 τοὺς
1679 2233 2133 2311 αὐτοκράτορας
2178 2235 2287 2296 τοῦ
2335 2233 2607 2308 πολέμου
2654 2253 2825 2308 yero-

441 2335 658 2410 μένους
702 2335 1178 2401 Οὐεσπασιανὸν
1224 2339 1328 2401 καὶ
1378 2341 1566 2403 Τίτον
1613 2335 1846 2412 ἠξίωσα
1892 2337 2120 2414 λαβεῖν
2157 2339 2492 2416 μάρτυρας.
2560 2335 2822 2412 Πρώτοις

441 2440 568 2520 γὰρ
626 2440 860 2506 δέδωκα
925 2443 1009 2507 τὰ
1073 2441 1310 2521 βιβλία
1371 2444 1476 2508 καὶ
1537 2445 1680 2518 μετ’
1740 2445 1993 2514 ἐκείνους
2044 2450 2297 2514 πολλοῖς
2344 2441 2457 2518 μὲν
2506 2443 2817 2517 Ῥωμαίων

439 2555 565 2620 τοῖς
627 2529 1218 2626 συμτεπολεμηκόσι
1245 2602 1260 2621 ,
1326 2557 1576 2621 πολλοῖς
1625 2550 1688 2615 δὲ
1733 2555 1850 2615 τῶν
1898 2549 2201 2629 ἡμετέρων
2267 2549 2818 2627 ἐπίπρασκον,

436 2652 692 2733 ὥνδροὶσι
741 2654 844 2719 καὶ
893 2664 1006 2730 τῆς
1053 2658 1418 2730 Ἑλληνικῆς
1461 2658 1686 2736 σοφίας
1736 2655 2225 2739 μετεσχηκόσιν,
2274 2650 2350 2717 ὧν
2398 2652 2523 2722 ε’ςὶν
2574 2652 2819 2723 Ἰούλιος

437 2760 824 2839 Ἀρχέλαος,
873 2762 1134 2840 Ἡρώδης
1185 2762 1214 2827 ὅ
1262 2764 1640 2837 σεμνότατος
1689 2763 1793 2827 καὶ
1844 2760 2029 2833 αὐτὸς
2078 2762 2106 2825 δ
2148 2760 2658 2838 θαυμασιώτατος
2696 2760 2821 2835 βα·-

437 2866 646 2937 σιλεὺς
709 2866 1100 2947 Ἀγρίππας.
1175 2866 1646 2934 Testimonium
1695 2869 2114 2935 denunciatur
2158 2866 2538 2951 Imperatori
2580 2864 2821 2949 Vespa-

436 2974 615 3037 siano
675 2979 740 3038 et
801 2976 940 3062 regi
995 2976 1348 3061 Agrippae;
1401 2974 1694 3059 equidem
1744 2978 1903 3039 scire
1946 2972 2244 3045 mallem.
2293 2972 2460 3057 quod
2498 2971 2819 3056 judicium

434 3076 662 3143 tulerit
717 3076 756 3143 J
761 3079 1038 3144 ohannes
1099 3078 1494 3167 Gisgalensis
1553 3080 1659 3145 vel
1716 3078 1756 3145 J
1764 3087 1945 3145 ustus
2006 3078 2171 3143 Pisti
2232 3076 2425 3143 filius.
2494 3076 2674 3158 Quod
2738 3077 2817 3141 ad

433 3186 652 3269 ipsum
706 3205 1061 3251 sermonem
1129 3188 1361 3251 attinet
1383 3236 1400 3263 ,
1469 3206 1637 3251 nunc
1684 3189 1901 3251 minus
1955 3186 2218 3251 fortasse
2268 3192 2363 3250 est
2410 3184 2774 3249 mirandum
2798 3232 2818 3267 ,

435 3292 756 3368 συνεργοὺς
821 3290 970 3355 illos
1027 3293 1195 3356 circa
1250 3293 1590 3359 verborum
1654 3292 1893 3358 formas
1938 3295 2091 3357 satis
2135 3292 2333 3356 fuisse
2379 3298 2705 3357 accuratos
2753 3300 2819 3355 et

432 3394 511 3460 L.
574 3394 970 3481 Dindorfius,
1035 3398 1191 3462 dum
1256 3398 1480 3462 scribit
1534 3396 1885 3483 Josephum
1949 3397 2158 3463 multo
2220 3400 2475 3482 puriore
2534 3400 2818 3463 oratione

431 3499 630 3566 fuisse
691 3522 878 3567 usum
899 3548 916 3579 ,
975 3523 1170 3587 quam
1217 3502 1502 3587 plerique
1548 3505 1919 3587 opinantur.
1970 3503 2137 3588 quod
2185 3504 2511 3569 ostendere
2555 3509 2819 3569 conatus

431 3614 530 3671 est
574 3608 644 3670 in
689 3606 1108 3673 Fleckeieenii
1160 3608 1516 3673 Annalibus
1561 3617 1642 3673 IC
1686 3630 1751 3693 p.
1800 3608 1931 3673 821
1958 3658 1973 3685 ,
2015 3611 2081 3672 in
2122 3629 2247 3693 qua
2283 3610 2818 3674 commentatione

429 3710 596 3777 illud
645 3714 841 3777 etiam
897 3713 1176 3777 ostendit
1195 3762 1214 3797 ‚
1262 3716 1468 3779 vitare
1512 3711 1865 3799 Josephum
1916 3714 2234 3781 vocalium
2285 3733 2659 3779 concursum
2680 3759 2697 3790 ‚
2739 3712 2809 3777 L.

427 3814 794 3883 Dindorfius
842 3821 1047 3904 igitur
1093 3820 1416 3906 cogitabat
1467 3820 1544 3885 de
1595 3817 1983 3886 Graecorum
2038 3819 2489 3885 vocabulorum
2538 3817 2813 3884 declina-

429 3924 712 3988 tionibus
773 3931 839 3989 et
892 3926 1461 4011 coniugationibus.
1533 3924 1655 3991 Sed
1705 3934 1781 3990 nt
1825 3926 1905 3990 ab
1952 3926 2069 3991 hac
2116 3933 2293 4010 parte
2338 3923 2681 3990 laudabilis
2727 3924 2813 3990 sit

425 4029 687 4095 illorum
752 4036 1054 4109 συνεργῶν
1117 4051 1334 4116 opera,
1397 4033 1602 4117 ipsam
1659 4034 1961 4097 orationis
2008 4032 2281 4096 formam
2331 4031 2631 4097 admirari
2685 4053 2811 4097 non

425 4157 686 4223 possum
748 4136 939 4222 idque
1000 4140 1207 4224 egisse
1268 4137 1524 4204 videtur
1585 4134 1941 4222 Josephus,
2006 4157 2131 4221 quo
2178 4136 2327 4202 libri
2376 4139 2583 4203 carius
2628 4141 2809 4204 veni-

424 4250 602 4321 rent,
661 4250 736 4307 ut
783 4242 1022 4330 viginti
1067 4242 1251 4308 libris
1296 4243 1576 4328 expleret
1622 4265 1961 4309 numerum
2012 4246 2477 4330 quinquaginta
2522 4243 2807 4309 millium

424 4368 728 4416 versuum
749 4394 764 4423 ,
828 4368 954 4432 qua
1013 4349 1092 4414 de
1147 4370 1216 4414 re
1259 4348 1504 4414 Birtius
1551 4350 1959 4415 conferendus
2005 4350 2082 4414 de
2126 4349 2343 4415 Libris
2388 4349 2693 4415 Veterum
2742 4372 2803 4435 p.

427 4452 582 4520 207.
653 4453 1098 4519 Prolixitatem
1162 4457 1300 4539 ipse
1359 4454 1828 4539 quodammodo
1891 4462 2152 4520 excusat
2211 4457 2427 4539 Antiq.
2496 4453 2595 4519 12.
2648 4454 2713 4519 2.
2765 4454 2803 4522 7
