3436 5161
1347 384 1680 435 mannus.
1861 467 1869 474 ·
2045 413 2053 425 .
2591 367 2725 434 449

334 555 687 620 tentamina
733 557 877 618 mea
923 549 1280 618 confirmari
1325 556 1390 618 et
1434 550 1889 618 molestissime
1939 552 2070 619 fero
2116 549 2375 639 culpam
2415 573 2521 620 me
2560 552 2719 620 levi-

335 663 490 726 tatis
551 664 615 726 et
671 659 988 726 socordiae
1051 659 1219 744 apud
1284 660 1515 724 harum
1564 679 1779 725 rerum
1825 661 2062 744 peritos
2107 661 2511 725 contraxisse.
2573 658 2719 726 Non

336 785 675 853 possumus
717 785 841 830 non
889 766 1257 851 saepissime
1302 767 1370 830 in
1415 763 1638 831 eadem
1684 763 1962 831 incidere
1976 786 1995 844 3
2044 769 2108 830 et
2145 785 2307 851 quae
2344 786 2489 832 mea
2524 765 2718 832 libro-

337 892 484 938 rum
531 879 627 938 est
670 873 957 957 paucitas
976 920 993 955 ,
1043 870 1397 956 compluria
1444 891 1522 935 ex
1567 868 1843 936 aliorum
1890 872 2066 958 gazis
2110 891 2217 936 me
2262 870 2640 938 fefellerunt.
2664 868 2719 958 1)

340 976 523 1058 Quod
575 982 790 1043 tamen
837 998 917 1042 ne
963 979 1032 1042 in
1078 982 1400 1062 posterum
1449 975 1614 1042 mihi
1663 977 1908 1042 accidat
1925 1024 1953 1055 ‚.
1992 997 2182 1063 quam
2229 975 2718 1065 diligentissime

338 1085 592 1150 cavebo.
662 1082 927 1150 Veniam
989 1084 1264 1148 babeant
1324 1085 1448 1148 viri
1503 1083 1708 1159 docti,
1760 1102 2031 1169 quorum
2077 1085 2306 1148 scrinia
2351 1083 2719 1169 imprudens

337 1189 680 1276 compilavi
739 1195 804 1256 et
851 1189 1107 1256 credant
1154 1211 1259 1256 me
1306 1189 1550 1255 nullius
1595 1188 1893 1255 laudibus
1941 1189 2324 1275 obtrectar03
2369 1211 2519 1255 nam
2564 1189 2720 1256 licet

337 1316 575 1385 magno
620 1296 857 1383 gaudio
904 1298 1191 1362 animum
1240 1295 1578 1381 perfundat
1623 1317 1773 1361 cum
1822 1297 1975 1362 novi
2023 1300 2088 1361 et
2133 1299 2267 1362 veri
2315 1294 2557 1381 aliquid
2604 1301 2719 1361 aut

335 1405 647 1490 patienter
707 1402 1065 1490 indagando
1128 1404 1446 1469 inveneris
1497 1405 1609 1468 aut
1655 1398 1869 1468 subito
1916 1402 2298 1490 excogitatis
2319 1450 2336 1481 ‚
2386 1411 2485 1468 ‘ne
2530 1403 2719 1468 istius

335 1509 596 1596 quidem·
657 1507 909 1587 laudis’,
973 1515 1046 1574 ut
1091 1530 1236 1575 cum
1278 1505 1578 1576 Cicerone
1624 1507 1849 1594 loquar
1868 1555 1885 1587 ,
1937 1511 2053 1574 ‘ita
2096 1529 2240 1576 snm
2291 1509 2593 1595 cupidus,
2643 1514 2718 1575 ut

338 1615 482 1682 aliis
529 1636 669 1682 eam
719 1621 1114 1702 praereptam
1161 1615 1405 1684 velim’.

1260 1818 1803 1906 (mmmmm.)

1651 2055 1737 2121 K.
1786 2053 1867 2122 G.
1914 2053 1993 2122 P.
2040 2052 2533 2123 SGHWARTZ.

403 2246 455 2308 1)
489 2245 720 2311 Inprimis
763 2245 898 2294 doleo
937 2242 1056 2294 mihi
1090 2245 1150 2293 ad
1184 2259 1378 2294 manum
1411 2259 1510 2292 non
1545 2243 1687 2294 fuisse
1721 2243 1934 2293 Mehleri
1966 2244 2237 2296 minonem
2274 2245 2517 2310 Quattuor
2551 2245 2713 2294 Dialo-

331 2344 504 2394 gorum
535 2327 754 2394 (finon,
797 2327 1159 2392 Philomedes,
1201 2327 1354 2376 Verte
1385 2324 1663 2385 Historiae,
1697 2325 1886 2387 Gallus)
1919 2329 1969 2376 et
2004 2327 2301 2378 Hartmanni
2332 2328 2515 2378 ‘Studia
2533 2328 2713 2378 Critica

331 2412 384 2462 in
419 2409 714 2461 Lucianum’.

1186 3031 1520 3099 D101>onus
1565 3030 1867 3100 smnus·

713 3217 850 3284 Hb.
897 3216 1153 3283 XXXII
1197 3216 1285 3282 26
1332 3217 1504 3304 (Vol.
1552 3216 1615 3285 II
1654 3240 1718 3305 p.
1772 3216 1902 3286 520
1951 3220 2043 3287 ed.
2093 3220 2329 3307 Didot).

426 3400 612 3470 Οὕτω
673 3403 736 3469 δὲ
796 3401 1100 3476 πολλάκις
1167 3405 1201 3479 ἧ
1265 3403 1458 3468 κακία.
1522 3412 1634 3478 τῆς
1697 3404 1920 3483 ἀρετῆς
1970 3411 2277 3485 προτερεῖ,
2327 3406 2431 3471 καὶ
2484 3409 2519 3483 ἧ
2568 3409 2713 3487 πρὸς

332 3508 436 3573 τὸν
496 3508 730 3590 ὄλεθρον
786 3508 1037 3574 νεύουσαι
1083 3510 1300 3587 γνώμη
1345 3518 1458 3583 τῆς
1505 3509 1652 3590 πρὸς
1700 3509 1998 3589 σωτηρίαν
2044 3510 2396 3591 ἀπέχεσθαι
2442 3512 2484 3553 '¹'
2504 3536 2711 3593 παραι-

333 3618 619 3693 κλήσεως.
693 3616 837 3684 Non
899 3621 996 3683 est
1058 3616 1316 3695 lacuna,
1369 3615 1558 3681 modo
1605 3615 1919 3681 scribatur
1963 3614 2319 3696 ἀπέχεται,
2372 3639 2522 3685 nam
2568 3640 2711 3686 sen-

331 3726 535 3790 tentia
579 3730 710 3790 est:
761 3726 795 3801 ἡ
843 3747 913 3789 π.
963 3748 1023 3789 τ.
1072 3746 1120 3789 0.
1170 3748 1220 3787 ν.
1268 3722 1485 3801 γνώμη
1535 3721 1681 3801 πρὸς
1731 3723 2027 3803 σωτηρίαν
2074 3725 2140 3788 οὗ
2195 3732 2574 3803 παρακαλεῖ.

1925 3904 2015 3973 Η.
2060 3904 2163 3973 W.
2209 3925 2273 3973 v.
2322 3926 2388 3975 n.
2434 3908 2529 3977 M.
