3436 5161
651 367 788 436 274
1515 383 1791 434 mnus
1839 381 2174 435 sosmms.

649 553 873 620 deinde
918 552 1230 638 quaedam
1275 556 1701 637 excerpuntur
1746 572 1825 617 ex
1862 549 1899 617 J
1904 551 2126 636 osephi
2164 548 2317 616 Vita
2334 597 2355 634 ,
2392 549 2611 636 paucis
2651 547 3041 636 quibusdam

647 660 1012 744 praemissis
1057 659 1135 723 de
1181 659 1343 724 serie
1389 655 1779 723 Pontificum
1822 655 2261 722 Maximorum
2301 656 2467 742 apud
2507 655 2547 721 J
2550 656 2816 740 udaeos,
2856 656 3042 740 quasi

651 783 724 830 ea
771 786 870 830 res
929 765 1254 850 imprimis
1319 765 1670 830 attentione
1715 763 2027 828 lectorum
2076 762 2271 850 digna
2315 767 2482 828 esset
2500 809 2517 841 ,
2577 782 2778 848 quum
2827 759 3037 828 altum

647 869 978 936 silentium
1025 871 1110 936 sit
1158 869 1236 935 de
1279 869 1319 935 J
1323 891 1435 935 esu
1485 867 1743 934 Christo
1763 916 1781 946 ,
1832 870 2087 934 etiamsi
2135 868 2251 933 illa
2294 871 2587 954 pericope
2624 869 3039 954 quantumvis

646 978 862 1060 spuria
923 976 1142 1042 Photii
1199 981 1416 1041 tamen
1478 979 1765 1060 tempore
1820 977 1956 1060 jam
2007 997 2119 1060 per
2164 975 2377 1040 multa
2420 975 2673 1042 saecula
2718 977 2788 1039 in
2834 973 3035 1040 omni-

645 1082 766 1147 bus
826 1081 1009 1147 libris
1055 1082 1589 1148 circumferretur.
1661 1079 1787 1146 Sed
1832 1079 2106 1146 stultum
2158 1087 2253 1146 est
2300 1080 2547 1147 credere
2593 1081 3032 1146 Patriarcham

643 1195 742 1254 tot
777 1191 1098 1273 tantisque
1135 1190 1415 1276 negotiis
1456 1187 1823 1253 districtum
1870 1207 2090 1253 omnes
2128 1185 2393 1254 Codices
2431 1187 2665 1275 legisse
2711 1186 2811 1254 vel
2834 1189 3029 1252 etiam

644 1297 948 1381 maj0rem
989 1299 1237 1380 partem
1277 1293 1507 1381 legisse
1547 1313 1769 1358 eorum
1812 1291 2123 1358 librorum
2143 1343 2157 1368 ‚
2203 1312 2359 1378 quos
2382 1299 2682 1358 recenset.
2720 1291 3033 1379 Excerpta

641 1401 790 1468 aliis
850 1400 1071 1467 debuit
1126 1405 1190 1466 et
1253 1401 1573 1486 congessit
1621 1401 1688 1464 iu
1734 1419 1936 1464 unum
1959 1449 1977 1472 ‚
2030 1401 2223 1464 sicuti
2272 1402 2469 1464 etiam
2517 1399 2795 1465 Lexicon
2838 1419 3035 1464 suum

641 1507 1086 1592 undecumque
1151 1504 1561 1590 compilavit,
1627 1505 1704 1570 de
1767 1525 1881 1570 suo
1944 1511 2162 1570 autem
2209 1507 2320 1570 vix
2368 1506 2713 1590 quidquam
2762 1503 3029 1570 addidit.

643 1611 970 1680 Contendo
1027 1631 1152 1677 non
1215 1611 1412 1676 fuisse
1459 1607 1903 1676 Christianum
1951 1613 2063 1695 qui
2108 1610 2227 1675 hoe
2274 1617 2646 1696 excerptum
2695 1611 3031 1676 confecerit

639 1722 857 1806 itaque
897 1718 1094 1783 fuisse
1138 1715 1455 1783 Judaeum
1510 1717 1765 1781 natione
1813 1713 1925 1780 vel
1970 1721 2137 1781 certe
2182 1719 2580 1796 προσήλυτον·
2627 1717 2798 1782 hunc
2844 1715 3031 1783 video

643 1827 826 1889 unice
887 1823 1082 1889 fuisse
1142 1821 1494 1888 sollicitum
1559 1821 1636 1886 de
1689 1813 1849 1886 serie
1896 1819 2292 1905 pontificum.
2353 1821 2571 1889 Homo
2624 1819 3027 1889 Christianus

642 1950 768 1996 non
828 1929 994 1995 illud
1055 1929 1378 2013 imprimis
1438 1926 1855 1993 memorabile
1924 1927 2245 2013 duxisset,
2315 1927 2635 1995 Herodem
2708 1929 3026 2018 Magnum

641 2043 768 2106 τοῖς
837 2039 1098 2115 τυχοῦσι
1173 2040 1377 2110 νεῖμαι
1449 2035 1560 2107 τὴν
1627 2033 2077 2115 οὶρχιερωσύιην
2096 2081 2112 2110 ,
2184 2036 2293 2100 sed
2363 2037 2667 2102 saevitiae
2736 2035 3029 2121 exempla

643 2139 997 2224 attulisset,
1047 2160 1170 2225 quo
1219 2138 1472 2205 facilius
1519 2139 1685 2224 apud
1737 2159 1954 2204 omnes
1996 2137 2185 2205 fidem
2228 2144 2545 2207 inveniret
2579 2142 2799 2208 caedes
2836 2141 3027 2207 Beth-

643 2245 1013 2312 lehemitica
1029 2292 1046 2324 ,
1109 2267 1224 2312 nec
1287 2245 1606 2311 omisisset
1669 2245 2049 2311 domesticas
2108 2245 2543 2326 calamitates3
2595 2247 3027 2333 descripsisset

640 2353 837 2418 etiam
905 2371 1066 2436 quae
1126 2349 1159 2417 J
1169 2350 1440 2435 osephus
1499 2350 1694 2416 habet
1754 2350 1831 2416 de
1878 2356 2085 2417 morte
2127 2354 2300 2440 regis
2346 2355 2670 2442 Agrippae
2722 2353 2988 2442 Majoris
3006 2403 3025 2439 ,

639 2457 768 2524 alia
829 2456 1312 2544 ejusdemmodi.
1398 2455 1523 2522 Sed
1583 2477 1664 2521 ne
1725 2455 1995 2523 verbum
2058 2458 2318 2544 quidem
2382 2479 2585 2525 unum
2643 2459 2753 2539 fit,
2820 2459 2897 2526 de
2942 2461 3027 2526 iis

636 2565 826 2633 rebus
844 2614 862 2643 ,
911 2583 1071 2649 quae
1117 2564 1277 2629 scire
1325 2559 1836 2630 Christianorum
1886 2561 2245 2649 plurimum
2290 2567 2614 2633 intererat.

732 2668 878 2743 Οἶος
923 2673 1034 2745 τὴν
1079 2667 1310 2750 Φράσον
1357 2668 1515 2747 ἔςίν,
1568 2668 1906 2749 ἔμπροσθεν
1944 2668 2201 2751 εἴρηται.
2264 2672 2485 2759 Itaque
2524 2675 2730 2739 eidem
2770 2674 3022 2739 homini

639 2778 906 2845 debetur
966 2776 1134 2862 quod
1179 2774 1422 2863 legitur
1468 2774 1546 2840 de
1589 2775 1803 2841 codice
1853 2774 1937 2843 47
1960 2824 1977 2853 ‚
2027 2796 2151 2861 quo
2196 2777 2439 2844 bellum
2487 2780 2525 2845 J
2534 2780 2831 2845 udaicum
2880 2800 3019 2847 eon·

636 2883 976 2949 tinebatur.
1027 2881 1260 2946 Tribus
1292 2882 1506 2946 verbis
1546 2887 1791 2965 septem
1831 2879 2142 2947 librorum
2186 2890 2639 2969 argumentum
2662 2886 3020 2967 indicatum

637 2997 778 3055 tum
818 2987 1136 3074 judicium
1185 2986 1388 3052 fertur
1434 2986 1512 3052 de
1556 2986 1819 3071 Josephi
1864 2985 2034 3072 stylo
2082 2994 2147 3053 et
2192 2990 2507 3056 scribendi
2544 2993 2820 3075 ratione,
2862 3012 3025 3077 quae

633 3097 919 3178 impense
966 3092 1210 3177 placuit
1225 3112 1246 3171 ,·
1295 3098 1618 3177 praeterea
1665 3100 2069 3157 recensentur
2116 3113 2226 3158 sex
2273 3095 2601 3183 prodigia,
2648 3116 2808 3181 quae
2846 3098 3023 3162 urbis

633 3200 966 3264 interitum
1011 3198 1497 3282 portenderunt3
1543 3196 1767 3263 deinde
1804 3195 2161 3263 declaratur
2199 3220 2393 3284 quam
2434 3202 2785 3267 insatiabili
2814 3202 3023 3268 furore

634 3310 916 3387 tempore
982 3302 1330 3368 obsidionis
1390 3306 1560 3368 intra
1605 3323 1823 3369 muros
1872 3306 2191 3371 saevitum
2238 3306 2358 3384 sit;
2408 3305 2679 3392 denique
2723 3310 2807 3387 τῷ
2854 3308 3019 3388 λιμῷ

631 3410 659 3473 δ
725 3408 934 3486 λοιμὸς
1008 3408 1706 3486 συνεπιλαμβανόμενος
1778 3408 2009 3474 ἐδείκνυ
2077 3414 2267 3475 πᾶσιν
2338 3412 2630 3497 ἐμφανῶς
2696 3412 3017 3489 θεομηνίις

635 3512 809 3595 ἔργον
855 3514 989 3579 καὶ
1039 3521 1187 3587 τῆς
1235 3514 1737 3590 δεσποτικῆς
1783 3518 2281 3596 προρρήσεως
2332 3519 2466 3582 καὶ
2516 3521 2869 3594 ἀπειλῆς
2907 3521 3020 3594 τὴν

631 3626 742 3694 τῆς
793 3620 1026 3692 πόλεως
1075 3617 1345 3699 ὑπάρξαι
1397 3622 1814 3699 πανωλεθρίαν
1864 3622 1967 3685 καὶ
2017 3619 2267 3687 ἅλωσιν.
2340 3622 2691 3708 Expunctis
2729 3624 3019 3691 molestis

632 3726 844 3793 verbis
905 3747 1064 3811 quae
1127 3726 1405 3791 diductis
1467 3727 1670 3793 literis
1734 3728 2128 3805 notavimus,
2182 3749 2331 3793 cum
2376 3750 2456 3797 ne
2502 3730 2834 3796 commode
2880 3734 3019 3817 qui-

633 3833 778 3898 dem
827 3832 976 3898 addi
1020 3832 1266 3917 possint
1313 3838 1377 3897 et
1424 3833 1502 3898 ab
1551 3828 1916 3899 Christiano
1960 3834 2219 3899 homine
2257 3834 2500 3920 adjecta
2536 3836 2911 3913 videantur,
2952 3841 3017 3903 in

631 3939 896 4023 reliquis
942 3958 1197 4023 prorsus
1243 3938 1408 4003 nihil
1453 3940 1654 4016 inest,
1707 3938 1876 4023 quod
1924 3958 2047 4004 non
2092 3942 2296 4024 possit
2332 3938 2650 4006 Judaeum
2695 3952 3019 4008 auctorem

633 4043 882 4109 habere.
971 4044 1030 4109 N
1036 4066 1104 4109 ec
1169 4041 1572 4110 Christianus
1643 4043 1837 4111 homo
1908 4048 2319 4111 recensuisset
2386 4046 2659 4113 ridicula
2724 4047 2843 4114 illa
2910 4070 3019 4115 sex

633 4148 959 4234 prodigia;
1007 4152 1062 4213 si
1109 4148 1264 4233 quid
1313 4169 1387 4215 ea
1431 4149 1510 4215 de
1549 4169 1615 4215 re
1653 4152 2040 4236 scripsisset,
2090 4153 2444 4236 scripsisset
2468 4152 2767 4219 cecidisse
2793 4155 3017 4220 urbem

636 4255 806 4319 κατὰ
852 4255 962 4329 τὴν
1011 4253 1372 4327 δεσποτικὴν
1412 4254 1725 4336 πρόρρησιν
1765 4256 1871 4321 καὶ
1911 4258 2175 4331 ὥπειλῆν
2216 4278 2408 4343 quam
2452 4258 2696 4347 legerat
2720 4262 2789 4326 in
2811 4260 3017 4327 Evan-

632 4358 804 4449 gelio
865 4358 930 4424 S.
979 4358 1298 4425 Matthaei
1351 4366 1416 4425 et
1463 4362 1655 4448 nugis
1703 4364 1991 4446 omissis,
2042 4363 2306 4429 dixisset
2350 4364 2427 4429 de
2472 4363 2777 4433 Zacharia
2822 4366 3017 4432 Bara-

633 4464 812 4533 chiae
856 4463 1026 4551 filio,
1071 4466 1256 4531 cuius
1303 4466 1558 4532 ca'edem
1606 4465 1921 4552 Josephus
1966 4472 2253 4535 narravit
2290 4470 2507 4557 Antiq.
2550 4472 2611 4537 4.
2640 4472 2700 4538 5.
2730 4473 2771 4536 4
2796 4494 3015 4561 quam·
