3436 5161
1261 385 1536 468 nimus
1581 416 1922 468 Josnrnus.
2658 391 2789 463 379

491 584 709 668 Antiq.
756 581 860 649 16.
903 581 1008 648 11.
1047 581 1126 662 6,
1165 583 1358 649 index
1401 581 1522 665 ἔφη
1562 583 1853 661 μηνύσειν
1893 582 1977 662 τῷ
2019 582 2284 660 βασιλεῖ
2317 583 2428 656 τὴν
2465 579 2791 657 ἀλήθειαν,

401 689 452 752 εἴ
499 691 1122 769 παραιτήσεται
1171 690 1272 755 δια
1322 694 1430 754 τοῦ
1480 689 1723 770 Φρῶσαι
1772 698 1883 764 τῆς
1936 689 2218 768 βασάνου
2268 689 2369 753 κα)
2422 693 2532 761 τῆς
2584 687 2791 759 αἰκίας

401 793 584 859 αὐτόν
633 819 702 860 τε
750 798 856 861 καὶ
904 795 1006 862 τὸν
1052 795 1325 876 πατέρα.
1397 797 1807 885 Intelligam:
1857 795 2495 877 παραιρήσεται.

493 1006 675 1088 Quod
736 1027 928 1093 supra
992 1009 1124 1074 iam
1183 1030 1290 1074 me
1355 1008 1561 1075 dicere
1615 1010 1925 1093 memini,
1970 1009 2039 1073 in
2086 1028 2160 1073 ea
2203 1012 2381 1093 parte
2427 1007 2795 1091 Antiquita—

397 1117 574 1190 tum,
625 1117 694 1179 in
739 1135 864 1200 qua
909 1114 1309 1182 emendanda
1355 1137 1524 1181 nunc
1571 1135 1940 1199 versamur,
2001 1115 2166 1178 miro
2213 1113 2403 1179 modo
2448 1117 2795 1197 usurpatur

397 1221 810 1306 participium
857 1221 1060 1287 futuri
1107 1222 1214 1287 vel
1261 1225 1607 1307 praesentis
1657 1223 1986 1307 temporis.
2038 1219 2131 1285 De
2180 1241 2253 1286 eo
2301 1241 2421 1285 usu
2459 1219 2671 1284 dicam
2716 1237 2796 1282 an

399 1325 603 1391 abusu
649 1325 992 1392 Holwerda
1041 1327 1384 1416 dilig-enter
1433 1328 1788 1413 disputavit
1828 1329 1895 1390 in
1935 1325 2504 1391 Emendationibus
2543 1323 2795 1390 Flavia·

399 1435 499 1498 nis
558 1453 623 1518 p.
689 1431 820 1498 128
883 1453 1018 1519 sqq.
1098 1433 1425 1514 Quantum
1491 1437 1678 1512 novi,
1752 1435 2041 1518 primum
2113 1432 2358 1520 legitur
2428 1431 2795 1516 exemplum

400 1540 618 1624 Antiq.
672 1537 778 1606 17.
831 1539 890 1603 l.
945 1540 1022 1606 l:
1069 1541 1484 1618 ἀπαλλαγεὶς
1533 1541 1738 1622 φόβου
1787 1540 1889 1603 διὰ
1942 1539 2010 1602 τὸ
2061 1545 2177 1603 τῶν
2220 1538 2507 1618 οὶδελΦῶν
2549 1538 2637 1616 μή
2666 1539 2798 1600 ἐπι-

400 1653 744 1720 κοινωνῆσον
768 1692 784 1723 ,
845 1651 1240 1730 postremum
1304 1653 1520 1711 autem
1545 1693 1560 1724 ‚
1619 1646 1730 1710 ubi
1776 1642 2111 1732 Caligulae
2158 1664 2329 1708 mors
2380 1642 2789 1718 describitur,

402 1752 618 1836 Antiq.
666 1749 768 1815 19.
816 1751 874 1816 1.
904 1749 1026 1829 20,
1073 1751 1248 1816 αἰτία
1291 1752 1338 1815 δ’
1381 1748 1446 1825 ἦν
1485 1755 1591 1816 τοῦ
1639 1751 1955 1832 προθύμως
1996 1748 2496 1828 διαφευξομένου.
2550 1747 2792 1813 Eadem

401 1855 638 1923 locutio
683 1864 992 1942 quantum
1040 1859 1410 1941 observavi,
1459 1861 1851 1943 conjecturae
1899 1876 2016 1942 ope
2064 1857 2361 1921 restituta
2408 1857 2534 1920 fuit
2572 1856 2796 1938 Antiq.

405 1962 512 2028 17.
563 1961 626 2030 6.
677 1961 716 2027 3
765 1969 832 2051 et⁶
881 1964 985 2032 17.
1041 1962 1144 2030 10.
1195 1967 1272 2048 3,
1338 1985 1494 2050 quos
1556 1965 1727 2029 locos
1773 1981 1893 2051 ego
1940 1983 2190 2048 quoque
2234 1966 2401 2028 inter
2446 1961 2797 2048 legendum

403 2069 772 2136 adnotat-am
792 2120 810 2154 ‚
880 2070 989 2136 sed
1056 2073 1442 2138 inventionis
1512 2070 1853 2159 gloriolam
1914 2069 2078 2133 mihi
2146 2074 2543 2154 praereptam
2608 2069 2795 2133 sensi.

403 2177 621 2262 Addo,
671 2177 839 2263 quod
886 2175 1298 2244 Holwerdam
1345 2198 1472 2243 non
1519 2179 1951 2244 observavisse
1993 2175 2211 2259 viden,
2248 2175 2599 2260 Josephum
2623 2173 2797 2238 locu-

401 2285 644 2350 tionem
707 2284 967 2350 fortasse
1031 2285 1298 2350 traxisse
1375 2305 1456 2349 ex·
1517 2283 1831 2349 NicolaO..
1884 2280 2101 2346 Huius
2164 2288 2330 2347 certe
2393 2281 2586 2368 verba
2649 2283 2798 2344 sunt

403 2390 619 2474 Antiq.
675 2387 780 2458 17.
830 2389 890 2456 9.
942 2388 1018 2454 6:
1081 2391 1334 2467 τοσήνδε
1396 2390 1607 2462 αὐτοῖς
1673 2383 1828 2452 εἶναι
1879 2387 2109 2474 βουλήν
2158 2391 2265 2450 τοῦ
2317 2387 2795 2466 ὑβριοῦντος

404 2497 488 2570 εἷς
538 2493 725 2578 ἄνδρα
776 2505 1053 2575 συγγενῆ
1103 2502 1169 2562 et
1211 2500 1320 2560 τοῦ
1370 2493 1989 2572 συναπολαυσομένου
2029 2499 2222 2570 τιμῶν
2245 2491 2467 2578 Antiq.
2499 2490 2605 2556 17.
2636 2491 2697 2556 5.
2733 2491 2795 2556 4.

497 2708 742 2776 Milites
787 2716 936 2775 sunt
983 2710 1202 2795 Antiq.
1258 2707 1365 2776 17.
1423 2711 1478 2772 l.
1531 2706 1567 2771 1
1591 2754 1608 2785 ,
1657 2708 1743 2779 εἷς
1792 2703 1889 2779 οὓς
1937 2706 2023 2771 τοὶ
2071 2704 2286 2771 πάντα
2326 2702 2395 2779 ἦν
2443 2712 2567 2775 τοῖς
2610 2702 2797 2779 βασι·

405 2820 615 2882 λεῦσιν
679 2816 1062 2895 ἀνακείμενα
1126 2820 1233 2880 τοῦ
1296 2815 1598 2879 οἲκείου
1659 2816 2143 2894 ἀσφαλοῦς,
2224 2809 2408 2876 ὁπότε
2470 2808 2653 2889 τύχοι
2724 2809 2793 2871 τὸ

405 2922 563 2995 ἔθνος
611 2924 903 3003 νεωτέρων
952 2922 1340 3004 ὀριγνώμενον
1389 2920 1809 3002 πραγμάτων.
1860 2919 2107 2984 Mirum
2153 2920 2223 2983 ni
2269 2936 2496 2983 ‘verum
2543 2917 2659 2981 sit:
2685 2918 2793 2979 τοῦ

406 3030 938 3113 οἳκωφελοῦς.
983 3031 1203 3114 Antiq.
1248 3026 1354 3095 17.
1399 3027 1459 3093 1.
1503 3027 1582 3107 2,
1631 3046 1857 3093 verum
1908 3046 2043 3091 esse
2087 3046 2214 3091 non
2259 3023 2642 3097 πολιτεύειν,
2686 3019 2793 3087 sed

406 3136 798 3213 τολυπεύειν,
847 3138 982 3203 iam
1028 3136 1197 3202 vidit
1244 3132 1626 3200 Dindorfius.
1700 3131 1892 3198 Brevi
1934 3136 2076 3216 post
2121 3129 2259 3196 fieri
2304 3150 2428 3195 non
2474 3133 2682 3214 potest
2722 3132 2796 3191 ut

407 3263 634 3310 verum
697 3246 783 3308 sit
846 3242 1014 3328 quod
1059 3241 1302 3329 legitur
1347 3240 1433 3305 τοὶ
1480 3242 1600 3305 τῶν
1645 3240 1979 3317 ὁμολογιῶν
2026 3242 2135 3302 τοῦ
2184 3236 2399 3315 γάμου
2450 3234 2792 3307 ἄκοντος

406 3354 514 3414 τοῦ
576 3348 890 3426 βασιλέως
912 3396 929 3426 ,
991 3350 1172 3434 quasi
1228 3347 1516 3413 Herodes
1570 3366 1767 3434 regno
1814 3345 2257 3411 abdicavisset.
2330 3341 2793 3430 corrig-endum

405 3461 503 3521 est
549 3454 914 3527 εἴκοντος
961 3459 1068 3519 τοῦ
1117 3453 1431 3532 βασιλέως
1477 3451 1670 3537 idque
1716 3454 1930 3536 ipsum
1980 3470 2171 3535 supra
2219 3449 2495 3537 legitur:
2539 3447 2641 3513 xa}
2684 3470 2797 3524 με·

407 3560 706 3627 τέπιπτεν
753 3559 1014 3640 Ἡρώδης
1063 3558 1234 3625 εἴκων
1284 3560 1481 3634 δεήσει
1532 3568 1609 3640 τῇ·
1658 3555 2094 3637 Ἀντιπάτρου.

501 3774 630 3841 Ubi
672 3774 711 3841 J
717 3774 989 3860 osephus
1037 3773 1258 3839 scribit
1302 3793 1401 3839 res
1419 3820 1436 3851 ‚
1486 3771 1718 3857 quibus
1762 3770 2057 3835 interfuit
2093 3770 2229 3855 ipse
2246 3815 2264 3846 ,
2302 3768 2465 3833 utile
2504 3770 2600 3832 est
2628 3768 2798 3830 inter

405 3882 766 3969 legendum<
799 3901 1048 3965 semper
1092 3882 1495 3963 meminisse,
1543 3880 1901 3965 Agrippam
1941 3878 2255 3941 minorem
2294 3873 2439 3939 odio
2478 3874 2539 3938 ei
2578 3871 2791 3937 fuisse.

403 3989 549 4056 Hoc
611 3989 831 4054 odium
895 3990 1092 4053 etiam
1154 3996 1413 4071 apparet
1473 3987 1690 4069 Antiq.
1760 3983 1864 4049 17.
1930 3982 1993 4047 2.
2046 3982 2123 4061 2,
2186 3982 2299 4047 ubi
2345 3978 2418 4045 fit
2464 3997 2671 4043 sermo
2717 3975 2795 4041 de

403 4093 758 4161 Batanaeae
803 4093 1048 4160 ineolis⁶
1097 4092 1462 4174 Ἀγρίππας
1509 4091 1799 4168 μέντοιγε
1850 4090 1878 4153 ὃ
1927 4090 2137 4167 μέγας
2187 4086 2292 4151 καὶ
2334 4086 2362 4150 ὃ
2408 4092 2559 4158 παῖς
2604 4086 2793 4149 αὐτοῦ

406 4202 510 4267 καὶ
578 4202 930 4280 ὃμῶνυμος,
992 4198 1094 4281 καὶ
1161 4197 1324 4263 πάνυ
1389 4197 1818 4281 ἐξετρύχωσαν
1867 4193 2129 4272 αὐτούς,
2178 4194 2245 4260 οὔ
2293 4191 2499 4271 μέντοι
2549 4191 2636 4256 τοὶ
2682 4198 2793 4265 τῆς

408 4309 751 4390 ἐλευθερίας
798 4314 980 4374 κινεῖν
1028 4304 1349 4381 ἠθέλησαν.

502 4520 671 4588 Leve
717 4522 956 4589 vitium
1001 4540 1128 4586 non
1172 4518 1346 4586 leves
1378 4474 1683 4584 ‘tenebras
1736 4514 2003 4581 offundit
2049 4516 2269 4599 Antiq.
2317 4512 2419 4579 17.
2464 4511 2526 4577 3.
2556 4513 2625 4577 1:
2668 4512 2795 4575 ἀνθ’

2440 4638 2504 4687 ss
