3436 5161
696 359 828 429 362
1548 378 1823 429 umus
1866 377 2210 429 sosarnus.

789 543 999 623 Audio
1058 541 1097 608 J
1100 543 1407 629 osephum
1460 542 1810 631 diligenter
1852 545 2057 609 vitare
2101 544 2352 609 hiatum
2375 592 2393 627 ,
2441 543 2549 609 sed
2595 545 2745 628 quia
2787 564 2914 610 non
2957 542 3088 609 ha-

698 650 902 715 bitare
963 652 1265 715 constitui
1328 652 1396 714 in
1450 647 1489 714 J
1492 650 1710 735 osephi
1757 648 1976 728 libris,
2023 651 2190 715 inter
2235 649 2580 737 legendum
2625 649 2706 715 ad
2753 669 2896 715 eam
2945 668 3090 715 rem

698 754 1019 821 attendere
1065 754 1244 820 nolui
1290 763 1355 821 et
1400 764 1683 841 praestat
1727 755 1995 822 lectores
2043 755 2338 843 ablegare
2384 755 2462 821 ad
2511 754 2822 822 Dindorfii
2867 754 3092 841 dispu-

696 864 1041 946 tationem,
1090 864 1158 925 in
1203 881 1328 947 qua
1374 861 1557 927 docte
1602 870 1667 927 et
1711 861 2022 928 laboriose
2069 865 2316 947 quaerit
2361 862 2439 928 de
2483 881 2771 928 sermone
2812 880 2936 947 quo
2970 859 3009 927 J
3015 881 3088 926 o·
3161 946 3166 949 Ι

698 968 932 1054 sephus
977 989 1131 1034 usus
1178 974 1293 1034 est.
1342 967 1485 1035 Hoc
1530 967 1742 1034 solum
1790 969 2052 1045 addam,
2087 966 2472 1053 Josephum,
2509 974 2586 1034 ut
2609 968 2858 1033 hiatum
2881 969 3093 1052 vitet,

698 1075 1020 1139 interdum
1067 1077 1595 1159 praepositionem
1644 1076 1787 1155 πρὸς
1835 1095 2170 1159 usurpare,
2225 1075 2336 1140 ubi
2386 1077 2622 1142 rectius
2668 1081 2864 1139 staret
2906 1091 3092 1159 prae-

696 1182 929 1265 positio
972 1180 1083 1253 είς.
1152 1180 1317 1247 Ecce
1361 1178 1551 1247 locos.
1600 1181 1826 1267 Antiq.
1877 1179 1942 1245 6.
1991 1178 2055 1246 8.
2112 1181 2180 1247 13
2230 1182 2332 1246 καὶ
2384 1180 2568 1262 πρὸς
2616 1180 2686 1245 τὸ
2735 1174 2833 1251 οὖς
2881 1177 3082 1259 ἠρέμα

696 1294 906 1352 λαλεῖ.
954 1286 1178 1375 Antiq.
1227 1285 1290 1353 6.
1342 1285 1446 1353 13.
1502 1286 1573 1354 13
1625 1290 1808 1367 Φήμη
1857 1286 1908 1351 δ’
1953 1287 2056 1352 ἐπὶ
2104 1289 2231 1353 πᾶν
2278 1286 2394 1360 εἷς
2441 1310 2512 1353 τε
2559 1287 2678 1359 τοὶς
2711 1292 2828 1351 τῶν
2869 1283 3086 1351 ἄλλων

696 1392 890 1464 &node
940 1396 1044 1458 καὶ
1094 1394 1283 1473 πρὸς
1333 1394 1454 1466 τοὶς
1498 1398 1605 1458 τοῦ
1651 1391 1966 1472 βασιλέως
2019 1391 2387 1471 διεκομίσθη.
2458 1395 2678 1479 antiq.
2727 1390 2790 1460 6.
2842 1390 2946 1458 13.
3000 1390 3086 1454 43

699 1500 751 1563 εί
797 1500 1043 1579 πονηρὸς
1087 1494 1258 1572 οὗτος
1309 1500 1415 1572 είς
1465 1500 1669 1579 ἡμᾶς,
1718 1502 1871 1566 ἀλλ’
1920 1500 2028 1565 οὐκ
2075 1501 2186 1579 ἐμὲ
2237 1501 2334 1567 δεῖ
2373 1505 2635 1567 τοιοῦτον
2683 1494 2837 1565 εἶναι
2887 1496 3086 1578 πρὸς

699 1605 909 1673 αὐτόν.

788 1823 1004 1909 Antiq.
1046 1818 1111 1886 6.
1150 1818 1215 1886 8.
1254 1819 1331 1886 2:
1384 1827 1561 1887 ποιῶν
1609 1822 1902 1887 ἑαυτοῦ
1952 1822 2236 1900 γενέσθαι
2285 1822 2390 1887 τὸν
2437 1820 2714 1887 Σάουλον
2753 1825 2818 1887 et
2858 1822 3088 1907 Antiq.

701 1927 761 1994 6.
816 1929 921 1995 14.
970 1930 1045 1992 3:
1094 1927 1275 2006 μόλις
1325 1928 1391 1993 δὲ
1440 1930 1740 1995 ἑαυτοῦ
1787 1927 2149 2010 γενόμενον,
2197 1929 2421 2017 supple
2466 1932 2543 1995 ἐν
2591 1931 2907 1997 ἑαυτοῦ.

787 2142 991 2209 Paulo
1028 2142 1215 2229 plura
1248 2143 1653 2209 describenda
1688 2150 1874 2209 erunt
1912 2149 1986 2209 ut
2025 2150 2324 2230 appareat
2363 2148 2497 2211 sine
2520 2164 2707 2210 sensu
2731 2144 2834 2209 edi
2857 2144 3086 2227 Antiq.

699 2249 761 2318 6.
792 2251 896 2317 11.
924 2249 998 2315 23
1037 2252 1102 2315 τί
1139 2248 1523 2331 προσέταξας
1562 2252 1802 2316 ἀνελεῖν
1843 2249 2036 2331 ἄνδρα
2065 2288 2144 2300 --
2176 2250 2404 2331 ὕβρεως
2447 2254 2551 2316 καὶ
2592 2252 2832 2333 χλεύης
2865 2252 3091 2315 oin-0⁶74-

697 2356 994 2434 λαξαντα
1055 2359 1172 2424 τῶν
1226 2358 1531 2438 Ἐβραίων
1587 2358 1771 2436 λαόν,
1834 2348 1900 2430 ἣν
1967 2358 2068 2423 ἐπὶ
2129 2358 2597 2434 τεσσαράκοντα
2647 2356 2877 2438 ἡμέρας
2929 2354 3087 2420 ὑπέ-

695 2473 865 2543 μεινε
919 2462 1153 2542 μόνος
1215 2470 1533 2541 τολμῶν
1597 2464 1891 2537 ὑποςῆναι
1939 2466 2048 2541 τὴν
2093 2470 2200 2529 τοῦ
2247 2465 2546 2541 πολεμίου
2594 2466 2924 2544 πρόκλησιν
2970 2462 3083 2527 καὶ

695 2572 868 2650 μετὰ
912 2576 1125 2637 ταῦτα
1171 2574 1559 2650 κομίσαντα,
1606 2570 1738 2637 xrs.
1811 2570 2254 2638 Necessarium
2303 2577 2398 2638 est
2445 2572 2794 2660 corrigere:
2843 2570 3087 2650 μόνον

671 2669 1155 2757 τολμῶντα.
1220 2679 1457 2744 Itidem
1500 2675 1561 2743 6.
1610 2676 1714 2744 14.
1760 2676 1835 2743 43
1884 2677 2070 2756 μηδὲν
2117 2678 2591 2757 ὑπολαμβάνειν
2637 2679 2882 2757 ἄμεινον
2923 2676 3087 2754 μηδὲ

694 2788 943 2866 μᾶλλον
1002 2809 1061 2850 τι
1126 2787 1441 2866 προσήκειν
1499 2785 1585 2864 τῷ
1643 2789 1760 2850 τῶν
1809 2785 2124 2865 ἀνθρώπων
2172 2783 2335 2863 γένει
2383 2785 2644 2864 τούτων,
2693 2783 2836 2863 μηδ’
2883 2783 2987 2864 ἐφ’
3037 2776 3084 2863 ᾧ

695 2893 798 2958 τὸν
858 2891 985 2956 θεὸν
1046 2892 1268 2969 εὐμενῆ
1324 2891 1431 2956 καὶ
1493 2891 1760 2973 χορηγὸν
1817 2897 1932 2957 τῶν
1983 2892 2232 2969 ἀγαθῶν
2279 2888 2606 2971 ἕξομεν,
2653 2889 3081 2957 necessarium

696 3003 794 3065 est
848 3002 1167 3078 μᾶλλον
1228 2995 1543 3077 ἕξομεν.
1612 2997 1792 3064 Idem
1837 2987 2223 3066 vocabulum
2267 2999 2529 3067 fortasse
2577 2999 2815 3066 excidit
2858 2999 3080 3082 Antiq.

697 3104 763 3173 8.
810 3103 875 3174 8.
926 3107 986 3171 1.

785 3320 863 3386 In
910 3322 1315 3407 paucissimis
1358 3318 1802 3387 memorabilia
1847 3325 1995 3386 sunt
2040 3319 2299 3407 Josephi
2342 3323 2564 3400 verba,
2605 3323 2826 3408 Antiq.
2861 3318 2924 3385 6.
2966 3321 3080 3390 14.

696 3428 772 3506 4,
820 3428 889 3494 in
935 3425 1189 3494 laudem
1236 3429 1408 3514 regis
1452 3424 1632 3492 Sauli
1650 3473 1666 3502 ,
1715 3427 1830 3512 qui
1873 3447 1998 3492 non
2047 3431 2362 3494 recusavit
2404 3437 2676 3496 mortem
2716 3450 2828 3515 pro
2868 3429 3075 3514 patria

694 3541 1008 3622 oppetere.
1078 3531 1249 3598 Satis
1294 3541 1390 3598 est
1437 3532 1515 3598 de
1561 3531 1788 3598 multis
1835 3546 2035 3618 pauca
2084 3534 2456 3601 describere.
2527 3533 2562 3600 J
2571 3534 2842 3622 osephus
2887 3534 3074 3612 λόγον

693 3643 1012 3718 ποιήσεται
1049 3678 1112 3689 -
1151 3641 1386 3714 πολλὴν
1430 3639 1537 3704 καὶ
1584 3638 1954 3717 βασιλεῦσιν
2001 3640 2170 3706 ἐθνῶν
2219 3641 2322 3705 καὶ
2367 3641 2624 3723 ἄρχουσι
2668 3643 2903 3708 πόλεων
2941 3642 3073 3706 ἑτι-

693 3750 915 3828 θυμίαν
974 3748 1080 3814 καὶ
1131 3744 1397 3820 σπουδὴν
1438 3752 1555 3812 τῶν
1600 3752 1806 3810 καλῶν
1854 3747 2176 3822 ἐνθήσοντα
2222 3747 2328 3813 καί
2380 3747 2526 3828 πρός
2573 3772 2644 3814 τε
2690 3748 2832 3822 τοὺς
2878 3747 3072 3814 κινδύ·

693 3878 821 3929 νους
866 3855 971 3920 καὶ
1019 3855 1121 3918 τὸν
1164 3855 1312 3936 ὑπὲρ
1358 3860 1475 3918 τῶν
1514 3853 1820 3934 πατρίδων
1862 3853 2116 3919 θάνατον
2155 3853 2638 3936 προτρεψόμενον
2675 3854 2781 3920 καὶ
2819 3856 3070 3920 πάντων

693 3969 1103 4043 καταφρονεῖν
1162 3960 1486 4039 διδάξοντα
1543 3965 1658 4025 τῶν
1702 3959 1918 4026 δεινῶν.
1969 3960 2383 4027 Admirabilis
2429 3962 2554 4027 fuit
2601 3961 2843 4028 Romae
2890 3961 3074 4047 quid-

693 4071 794 4136 vis
852 4067 1165 4134 scribendi
1226 4064 1519 4150 licentia,
1567 4086 1691 4151 qua
1737 4064 1776 4131 J
1779 4067 2050 4152 osephus
2095 4087 2264 4132 nunc
2309 4087 2436 4133 non
2483 4071 2689 4133 utitur
2709 4114 2726 4145 ‚
2775 4067 2885 4133 sed
2932 4087 3071 4152 pro-

692 4175 1036 4262 pemodum
1084 4175 1387 4240 abutitur.
1461 4171 1752 4253 Εὕψυχοι
1802 4173 1864 4239 δὲ
1911 4173 2016 4238 καὶ
2063 4172 2535 4252 μεγαλότολμοι
2575 4174 2680 4240 καὶ
2720 4181 2836 4239 τῶν
2874 4174 3068 4239 δεινῶν

694 4281 1162 4364 καταφρονηταὶ
1220 4282 1397 4359 μόνον
1454 4280 1700 4355 δικαίως
1749 4280 1827 4344 ἂν
1873 4280 2151 4357 λέγοιντο
2200 4277 2251 4345 οἱ
2301 4280 2573 4346 Σάουλον
2622 4281 3068 4359 μιμησάμενοι.

690 4391 845 4461 Fuit
893 4388 1148 4477 quidem
1198 4390 1309 4473 qui
1352 4388 1507 4454 haec
1552 4389 1808 4474 scripsit
1853 4387 2026 4452 idem
2071 4386 2220 4472 ille,
2260 4389 2370 4473 qui
2407 4386 2444 4452 J
2450 4394 2704 4474 otapata
2739 4395 3064 4475 totamque

694 4495 1054 4566 Galilaeam
1112 4493 1419 4562 Romanis
1470 4494 1784 4580 prodidit;
1832 4492 1944 4559 ille
1987 4492 2026 4559 J
2029 4493 2300 4580 osephus
2346 4498 2476 4574 est,
2527 4498 2639 4580 qui
2686 4493 3064 4583 Vespasiano
