3436 5161
708 339 841 410 334
1678 355 1938 408 oassms
1981 357 2112 410 mo.

702 529 961 598 videtur
1024 527 1446 618 archetypum
1510 525 1748 594 codicis
1805 525 2067 605 Veneti,
2131 525 2288 594 olim
2351 525 2611 614 quidem
2667 545 2980 593 exorsum
3029 527 3108 594 ab

702 637 846 722 ipso
891 634 1057 704 libro
1098 635 1180 701 41
1204 683 1223 722 ‚
1266 655 1392 721 quo
1430 639 1717 720 tempore
1757 632 2108 719 descriptus
2145 637 2243 700 est
2261 683 2278 709 ‚
2323 635 2454 700 iam
2495 633 2808 699 damnum
2847 631 3108 719 aliquot

707 740 1007 808 foliorum
1056 762 1315 828 passum
1365 761 1522 807 esse.
1592 739 1689 806 De
1731 739 1966 806 codicis
2011 743 2209 806 nostri
2253 739 2376 806 fine
2421 742 2578 806 certi
2613 739 2782 805 nihil
2819 738 3106 806 affirma-

704 849 909 915 verim
932 895 949 925 ,
1013 867 1129 913 nec
1182 853 1397 913 tamen
1460 848 1762 913 reticeam
1813 847 1948 912 veri
1995 846 2160 912 mihi
2205 845 2618 912 simillimum
2666 846 2876 912 videri
2925 845 3106 911 ulta-a

701 952 942 1019 librum
1011 952 1098 1019 60
1160 974 1309 1020 eum
1370 972 1497 1019 non
1564 973 1699 1018 esse
1757 973 2160 1040 progressum
2177 1001 2192 1032 ,
2261 958 2326 1018 et
2385 952 2612 1018 Veneti
2665 953 3102 1040 archetypum

707 1062 865 1127 duas
924 1060 1189 1126 decades
1249 1058 1800 1146 comprehendisse
1818 1107 1834 1137 ,
1899 1079 2176 1145 quocum
2233 1059 2608 1126 conferenda
2652 1065 2805 1127 sunt
2851 1057 3104 1126 Suidae

702 1168 925 1236 verba:
981 1165 1347 1247 διαιροῦνται
1396 1166 1459 1230 δὲ
1500 1165 1679 1243 (libri
1727 1165 1976 1250 Dionis)
2025 1167 2198 1232 κατὰ
2243 1165 2530 1240 δεκάδας.

790 1273 925 1340 Nec
986 1275 1195 1340 varios
1255 1272 1481 1340 Veneti
1532 1293 1715 1339 casus
1760 1271 2034 1338 ulterius
2080 1274 2372 1359 persequi
2423 1271 2656 1340 inutile
2699 1273 2854 1353 erit,
2903 1279 2992 1340 ut
3035 1276 3104 1340 in

703 1379 1032 1446 Vesontini
1095 1379 1330 1446 codicis
1390 1379 1812 1464 descriptione
1859 1381 2206 1465 apparebit.
2277 1378 2580 1447 Lacerato
2627 1381 2796 1445 enim
2843 1381 2988 1446 iam
3035 1386 3104 1446 et

703 1486 937 1553 mutilo
1000 1488 1061 1552 ei
1122 1489 1397 1574 contigit
1446 1491 1521 1552 ut
1567 1488 1804 1552 iterum
1851 1484 2246 1572 illigaretur,
2297 1486 2410 1553 sed
2454 1485 2898 1575 bibliopegum
2915 1537 2938 1572 ,
2992 1489 3102 1554 cui

644 1593 649 1598 '
702 1593 823 1659 hoc
883 1594 1217 1680 negotium
1265 1592 1641 1658 mandatum
1689 1597 1826 1657 erat
1859 1641 1876 1668 ‚
1926 1593 2202 1677 pessime
2247 1613 2510 1658 munere
2551 1591 2846 1658 functum
2893 1593 3098 1658 fuisse

702 1697 1009 1765 discimus
1043 1719 1120 1764 ex
1158 1701 1443 1764 numeris
1482 1697 1750 1764 arabicis
1769 1747 1786 1774 ‚
1828 1699 1940 1783 qui
1977 1704 2315 1776 vocantur,
2360 1700 2592 1783 quibus
2629 1702 2838 1784 prima
2877 1701 3094 1766 cuius·

702 1826 949 1890 cunque
1014 1806 1443 1892 quaternionis
1499 1805 1736 1892 pagina
1789 1809 2048 1872 notatur
2073 1803 2145 1889 ι).
2222 1804 2376 1870 Fuit
2420 1810 2637 1871 autem
2683 1803 2792 1871 hic
2835 1811 3096 1891 quater-

699 1912 967 1977 nionum
1013 1910 1199 1976 ordo:

802 2030 888 2080 101.
957 2045 1086 2094 num.
1106 2033 1239 2095 quat.
1374 2029 1459 2080 fol.
1629 2047 1677 2081 ιι.
1695 2033 1828 2096 quat.
2015 2031 2098 2080 fol.
2283 2047 2328 2081 n.
2349 2034 2481 2096 qm.
2648 2031 2733 2082 τοι.
2885 2047 2934 2082 2
2953 2035 3092 2097 qm

753 2111 928 2180 1—-8
1022 2113 1196 2180 deest
1291 2112 1559 2182 65-72
1704 2113 1789 2180 10
1887 2111 2242 2182 129-136
2340 2112 2424 2180 18
2521 2112 2878 2184 190-197
2952 2113 3046 2181 26

750 2217 971 2285 9-16
1091 2218 1131 2284 3
1290 2221 1563 2288 81-88
1708 2220 1788 2286 11
1890 2217 2246 2287 137-144
2343 2219 2426 2285 19
2518 2225 2882 2290 210—217
2951 2220 3044 2289 27

708 2322 974 2392 17-24
1092 2324 1133 2388 4
1292 2327 1563 2392 73—80
1670 2325 1848 2392 deest
1889 2324 2246 2391 145-152
2339 2326 2426 2392 20
2517 2329 2883 2396 202-209
2952 2326 3045 2393 28

704 2430 973 2498 25-32
1090 2429 1131 2496 5
1293 2429 1563 2496 89--96
1709 2431 1792 2497 13
1892 2428 2245 2497 153-159
2339 2431 2424 2498 21
2519 2435 2882 2502 218—225
2951 2433 3042 2500 29

702 2535 971 2604 33-40
1090 2536 1129 2602 6
1292 2535 1608 2605 97-104
1707 2537 1790 2603 14
1886 2536 2240 2603 160-167
2335 2537 2424 2605 22
2515 2537 2878 2607 226--233
2953 2538 3044 2606 30

704 2645 973 2711 41-48
1092 2644 1131 2712 Ι7
1252 2643 1609 2711 105-112
1705 2646 1790 2710 15
1887 2643 2245 2713 168—177
2341 2645 2428 2711 23
2519 2644 2876 2713 234—241
2953 2647 3038 2714 31

701 2750 969 2817 49—56
1090 2750 1131 2816 8
1253 2750 1611 2817 113—120
1707 2751 1790 2816 16
1891 2749 2244 2818 178--185
2339 2750 2428 2816 24
2521 2754 2876 2821 198-201
2953 2752 3042 2819 32

705 2857 972 2926 57-64
1092 2855 1132 2922 9
1254 2855 1612 2922 121-128
1708 2856 1793 2925 17
1893 2856 2248 2923 186-189
2343 2856 2430 2923 25
2524 2856 2885 2924 242-249
2911 2860 3088 2927 deest

2517 2962 2651 3030 250
2672 2970 2735 3029 et
2751 2963 2882 3029 251

795 3071 966 3153 Quos
1024 3090 1323 3135 numeros
1380 3072 1437 3135 si
1484 3073 1627 3156 quis
1672 3069 2154 3155 perlustraverit
2201 3072 2482 3157 primum
2531 3069 2868 3159 intelleget
2913 3070 3078 3139 codi-

704 3200 839 3245 cem
891 3198 964 3244 eo
1014 3182 1299 3263 tempore
1346 3177 1630 3243 nondum
1681 3182 1852 3251 octo,
1903 3177 2012 3243 sed
2059 3184 2302 3263 septem
2353 3182 2603 3244 tantum
2651 3180 3084 3263 quaternioni-

704 3286 825 3351 bus
870 3304 908 3349 a
954 3284 1159 3350 fronte
1206 3286 1515 3368 caruisse,
1562 3304 1710 3349 nam
1761 3286 2010 3369 primus
2055 3286 2176 3349 etsi
2212 3304 2480 3350 numero
2519 3289 2724 3355 caret.
2768 3284 2880 3369 qui
2916 3306 3084 3349 nunc

706 3389 1057 3457 secundum
1118 3388 1331 3455 locum
1394 3396 1661 3475 occupat
1721 3397 1874 3455 tunc
1931 3390 2156 3455 tertius
2199 3390 2346 3455 fuit.
2419 3389 2587 3455 Tum
2638 3388 3080 3477 bibliopegum

701 3502 799 3563 ter
856 3496 1294 3581 quaterniones
1354 3516 1681 3581 perperam
1746 3498 2146 3562 coniunxisse
2190 3496 2458 3562 videbit.
2528 3495 2698 3562 Nam
2752 3496 2831 3559 11
2885 3503 2950 3561 et
2999 3496 3084 3561 12

707 3602 839 3688 (cui
902 3620 1206 3666 numerus
1264 3600 1463 3685 deest)
1530 3607 1595 3667 et
1652 3600 1740 3668 27
1806 3608 1869 3668 et
1926 3600 2016 3666 28
2077 3601 2243 3666 inter
2302 3622 2368 3665 se
2414 3602 2844 3685 permutavit3
2893 3606 3083 3687 atque

702 3709 857 3775 adeo
920 3710 1397 3793 quaternionem
1458 3709 1568 3793 qui
1630 3706 1786 3775 folia
1855 3705 2202 3772 198-201
2263 3708 2622 3774 continebat
2673 3712 2814 3792 post
2859 3711 2896 3771 f.
2951 3705 3082 3771 234

702 3814 1073 3892 collocavit,
1139 3814 1307 3899 quod
1355 3816 1521 3879 notis
1566 3816 1635 3879 in
1682 3817 1973 3901 margine
2019 3813 2266 3879 duabus
2313 3812 2738 3879 confirmatur.
2815 3812 3083 3900 Legitur

702 3923 875 3989 enim
932 3923 999 3985 in
1060 3922 1196 3987 imo
1257 3918 1411 3987 folio
1476 3918 1660 3986 197‘:
1711 3920 1902 4001 μέχρι
1951 3921 2103 3985 τᾶδε
2148 3918 2365 4001 γράφε
2413 3922 2550 4000 (sic)
2599 3924 2664 3985 et
2709 3920 2778 3985 in
2825 3938 3081 3985 summo

700 4028 745 4093 f.
808 4025 942 4091 202
1007 4026 1177 4110 ζήτει
1240 4027 1268 4091 ὃ
1333 4027 1766 4104 ἀναγινώσκων
1830 4026 1900 4090 τὸ
1969 4027 2160 4107 παρὸν
2223 4026 2532 4106 τετράδιον
2579 4026 2638 4091 ἐν
2685 4022 2862 4091 ἄλλω
2912 4025 3078 4091 rdw

698 4136 949 4212 ὀφεῖλον
1012 4136 1254 4207 τεθῆναι
1318 4136 1346 4198 ὃ
1409 4134 1536 4213 γὰρ
1582 4134 1698 4203 τὰς
1745 4133 2122 4213 βεμβρῶναις
2171 4132 2468 4205 συντιθεὶς
2520 4130 2884 4213 ἦστδχησεν..
2965 4130 3080 4199 Oo-

698 4245 960 4331 gnoscet
1022 4240 1327 4325 denique,
1393 4242 1601 4325 primo
1656 4239 1772 4305 illo
1827 4242 2236 4325 quaternione
2283 4246 2543 4325 excepto
2581 4238 2906 4305 Venetum
2946 4241 3077 4305 iam

700 4370 773 4416 eo
818 4354 1108 4431 tempore
1154 4348 1247 4411 ita
1292 4345 1667 4411 mutilatum
1712 4348 1908 4412 fuisse
1955 4352 2029 4411 ut
2077 4346 2265 4413 hodie
2311 4352 2424 4411 est.

768 4506 823 4571 1)
858 4504 1018 4555 Hodie
1053 4506 1209 4555 rectus
1245 4505 1360 4555 ordo
1394 4502 1645 4555 restitutus
1678 4508 1764 4555 cst.

3282 490 3309 707 ἱ
