<?xml version="1.0" encoding="UTF-8"?>
<!DOCTYPE html PUBLIC "-//W3C//DTD XHTML 1.0 Transitional//EN"
    "http://www.w3.org/TR/xhtml1/DTD/xhtml1-transitional.dtd">
<html xmlns="http://www.w3.org/1999/xhtml" xml:lang="en" lang="en">
 <head>
  <title>
</title>
<meta http-equiv="Content-Type" content="text/html;charset=utf-8" />
  <meta name='ocr-system' content='tesseract 3.04.00' />
  <meta name='ocr-capabilities' content='ocr_page ocr_carea ocr_par ocr_line ocrx_word'/>
</head>
<body>
  <div class='ocr_page' id='page_1' title='image "./mnemosynevolume00verdgoog_0353.png"; bbox 0 0 3436 5161; ppageno 0'>
   <div class='ocr_carea' id='block_1_1' title="bbox 1387 368 2800 461">
    <p class='ocr_par' dir='ltr' id='par_1_1' title="bbox 1387 368 2800 461">
     <span class='ocr_line' id='line_1_1' title="bbox 1387 368 2800 461; baseline -0.005 -17"><span class='ocrx_word' id='word_1_1' title='bbox 1387 392 1649 445; x_wconf 74' lang='lat' dir='ltr'>OASSIUS</span> <span class='ocrx_word' id='word_1_2' title='bbox 1690 392 1822 443; x_wconf 84' lang='lat' dir='ltr'>mo.</span> <span class='ocrx_word' id='word_1_3' title='bbox 2245 458 2250 461; x_wconf 26' lang='grc'><strong>,</strong></span> <span class='ocrx_word' id='word_1_4' title='bbox 2667 368 2800 437; x_wconf 82' lang='grc'>335</span> 
     </span>
    </p>
   </div>
   <div class='ocr_carea' id='block_1_2' title="bbox 414 561 2797 861">
    <p class='ocr_par' dir='ltr' id='par_1_2' title="bbox 414 561 2797 861">
     <span class='ocr_line' id='line_1_2' title="bbox 504 561 1582 663; baseline -0.005 -31"><span class='ocrx_word' id='word_1_5' title='bbox 504 562 767 653; x_wconf 80' lang='lat' dir='ltr'>Singuli</span> <span class='ocrx_word' id='word_1_6' title='bbox 812 561 966 629; x_wconf 80' lang='lat' dir='ltr'>libri</span> <span class='ocrx_word' id='word_1_7' title='bbox 1008 564 1101 629; x_wconf 87' lang='lat' dir='ltr'>ita</span> <span class='ocrx_word' id='word_1_8' title='bbox 1148 562 1467 663; x_wconf 57' lang='lat' dir='ltr'>inciQnt</span> <span class='ocrx_word' id='word_1_9' title='bbox 1481 653 1582 663; x_wconf 68' lang='lat'>—</span> 
     </span>
     <span class='ocr_line' id='line_1_3' title="bbox 597 664 2628 750; baseline -0.004 -14"><span class='ocrx_word' id='word_1_10' title='bbox 597 670 748 737; x_wconf 73' lang='grc' dir='ltr'>τάδε</span> <span class='ocrx_word' id='word_1_11' title='bbox 799 666 1031 737; x_wconf 76' lang='grc' dir='ltr'><em>ἔνεστιν</em></span> <span class='ocrx_word' id='word_1_12' title='bbox 1079 670 1138 735; x_wconf 79' lang='grc' dir='ltr'>ἔν</span> <span class='ocrx_word' id='word_1_13' title='bbox 1186 670 1272 750; x_wconf 72' lang='grc' dir='ltr'>τῷ</span> <span class='ocrx_word' id='word_1_14' title='bbox 1318 695 1437 748; x_wconf 81' lang='grc' dir='ltr'>με,</span> <span class='ocrx_word' id='word_1_15' title='bbox 1486 694 1579 747; x_wconf 79' lang='grc' dir='ltr'>μς</span> <span class='ocrx_word' id='word_1_16' title='bbox 1626 692 1683 733; x_wconf 82' lang='grc' dir='ltr'>κ.</span> <span class='ocrx_word' id='word_1_17' title='bbox 1708 682 1857 733; x_wconf 57' lang='lat' dir='ltr'>aaa.</span> <span class='ocrx_word' id='word_1_18' title='bbox 1907 671 2025 732; x_wconf 73' lang='grc' dir='ltr'>τῶν</span> <span class='ocrx_word' id='word_1_19' title='bbox 2071 665 2267 737; x_wconf 73' lang='grc' dir='ltr'><em>δίωνος</em></span> <span class='ocrx_word' id='word_1_20' title='bbox 2313 664 2628 746; x_wconf 71' lang='grc' dir='ltr'>ῥωμαικῶν</span> 
     </span>
     <span class='ocr_line' id='line_1_4' title="bbox 414 768 2797 861; baseline -0.004 -17"><span class='ocrx_word' id='word_1_21' title='bbox 414 776 548 845; x_wconf 86' lang='lat' dir='ltr'>solo</span> <span class='ocrx_word' id='word_1_22' title='bbox 609 776 775 844; x_wconf 90' lang='lat' dir='ltr'>libro</span> <span class='ocrx_word' id='word_1_23' title='bbox 834 775 919 844; x_wconf 81' lang='lat'>4‘7</span> <span class='ocrx_word' id='word_1_24' title='bbox 980 781 1242 861; x_wconf 85' lang='lat' dir='ltr'>excepto</span> <span class='ocrx_word' id='word_1_25' title='bbox 1290 778 1434 861; x_wconf 90' lang='lat' dir='ltr'>qui,</span> <span class='ocrx_word' id='word_1_26' title='bbox 1482 779 1557 840; x_wconf 89' lang='lat' dir='ltr'>ut</span> <span class='ocrx_word' id='word_1_27' title='bbox 1601 776 1669 839; x_wconf 91' lang='lat' dir='ltr'>in</span> <span class='ocrx_word' id='word_1_28' title='bbox 1715 772 2008 840; x_wconf 84' lang='lat' dir='ltr'>Mediceo</span> <span class='ocrx_word' id='word_1_29' title='bbox 2056 784 2111 838; x_wconf 99' lang='lat' dir='ltr'>A</span> <span class='ocrx_word' id='word_1_30' title='bbox 2130 822 2151 857; x_wconf 89' lang='lat'>,</span> <span class='ocrx_word' id='word_1_31' title='bbox 2197 770 2598 837; x_wconf 79' lang='lat' dir='ltr'>inscribitur:</span> <span class='ocrx_word' id='word_1_32' title='bbox 2647 768 2797 835; x_wconf 67' lang='grc' dir='ltr'>τάδε</span> 
     </span>
    </p>
   </div>
   <div class='ocr_carea' id='block_1_3' title="bbox 413 868 2480 966">
    <p class='ocr_par' dir='ltr' id='par_1_3' title="bbox 413 868 2480 966">
     <span class='ocr_line' id='line_1_5' title="bbox 413 868 2480 966; baseline -0.004 -16"><span class='ocrx_word' id='word_1_33' title='bbox 413 884 644 950; x_wconf 76' lang='grc' dir='ltr'><em>ἔνεστιν</em></span> <span class='ocrx_word' id='word_1_34' title='bbox 694 884 753 948; x_wconf 79' lang='grc' dir='ltr'>ἔν</span> <span class='ocrx_word' id='word_1_35' title='bbox 798 893 875 966; x_wconf 71' lang='grc' dir='ltr'>τῇ</span> <span class='ocrx_word' id='word_1_36' title='bbox 926 883 1122 956; x_wconf 74' lang='grc' dir='ltr'><em>δίωνος</em></span> <span class='ocrx_word' id='word_1_37' title='bbox 1173 886 1490 965; x_wconf 69' lang='grc' dir='ltr'>ῥωμαικῶν</span> <span class='ocrx_word' id='word_1_38' title='bbox 1538 868 1643 965; x_wconf 63' lang='grc' dir='ltr'><strong><em>[ι’-ξ.</em></strong></span> <span class='ocrx_word' id='word_1_39' title='bbox 1723 880 2220 947; x_wconf 85' lang='lat' dir='ltr'>Subscribuntur</span> <span class='ocrx_word' id='word_1_40' title='bbox 2266 882 2480 943; x_wconf 89' lang='lat' dir='ltr'>autem</span> 
     </span>
    </p>
   </div>
   <div class='ocr_carea' id='block_1_4' title="bbox 1648 970 2734 982">
    <p class='ocr_par' dir='ltr' id='par_1_4' title="bbox 1648 970 2734 982">
     <span class='ocr_line' id='line_1_6' title="bbox 1648 970 2734 982; baseline -0.005 0"><span class='ocrx_word' id='word_1_41' title='bbox 1648 970 2734 982; x_wconf 70' lang='lat'><strong>———-——---·-———-——</strong></span> 
     </span>
    </p>
   </div>
   <div class='ocr_carea' id='block_1_5' title="bbox 1502 1078 2252 1091">
    <p class='ocr_par' dir='ltr' id='par_1_5' title="bbox 1502 1078 2252 1091">
     <span class='ocr_line' id='line_1_7' title="bbox 1502 1078 2252 1091; baseline -0.004 -1"><span class='ocrx_word' id='word_1_42' title='bbox 1502 1078 2252 1091; x_wconf 70' lang='lat'>———-——-—-</span> 
     </span>
    </p>
   </div>
   <div class='ocr_carea' id='block_1_6' title="bbox 414 1096 2237 1285">
    <p class='ocr_par' dir='ltr' id='par_1_6' title="bbox 414 1096 2237 1285">
     <span class='ocr_line' id='line_1_8' title="bbox 414 1096 2237 1195; baseline -0.002 -32"><span class='ocrx_word' id='word_1_43' title='bbox 414 1098 677 1163; x_wconf 78' lang='lat' dir='ltr'>sexties:</span> <span class='ocrx_word' id='word_1_44' title='bbox 728 1096 927 1169; x_wconf 73' lang='grc' dir='ltr'><em>δίωνος</em></span> <span class='ocrx_word' id='word_1_45' title='bbox 973 1100 1290 1180; x_wconf 77' lang='grc' dir='ltr'>ρωμαιικῶν</span> <span class='ocrx_word' id='word_1_46' title='bbox 1336 1121 1467 1183; x_wconf 79' lang='grc' dir='ltr'>μς,</span> <span class='ocrx_word' id='word_1_47' title='bbox 1514 1122 1625 1182; x_wconf 72' lang='grc' dir='ltr'>να,</span> <span class='ocrx_word' id='word_1_48' title='bbox 1674 1096 1789 1181; x_wconf 82' lang='grc' dir='ltr'>νβ,</span> <span class='ocrx_word' id='word_1_49' title='bbox 1837 1119 1955 1174; x_wconf 72' lang='grc' dir='ltr'>νγ,</span> <span class='ocrx_word' id='word_1_50' title='bbox 1990 1118 2102 1195; x_wconf 48' lang='grc' dir='ltr'>Ξ,</span> <span class='ocrx_word' id='word_1_51' title='bbox 2164 1118 2237 1161; x_wconf 76' lang='grc' dir='ltr'>νς</span> 
     </span>
     <span class='ocr_line' id='line_1_9' title="bbox 414 1201 2089 1285; baseline -0.001 -16"><span class='ocrx_word' id='word_1_52' title='bbox 414 1202 647 1270; x_wconf 87' lang='lat' dir='ltr'>semel:</span> <span class='ocrx_word' id='word_1_53' title='bbox 727 1202 926 1277; x_wconf 69' lang='grc' dir='ltr'><em>Βίωνος</em></span> <span class='ocrx_word' id='word_1_54' title='bbox 977 1207 1294 1269; x_wconf 73' lang='grc' dir='ltr'><em>κοκκιανοῦ</em></span> <span class='ocrx_word' id='word_1_55' title='bbox 1343 1206 1659 1285; x_wconf 72' lang='grc' dir='ltr'>ῥωμαικῶν</span> <span class='ocrx_word' id='word_1_56' title='bbox 1704 1201 1958 1280; x_wconf 75' lang='grc' dir='ltr'><em>βιβλίον</em></span> <span class='ocrx_word' id='word_1_57' title='bbox 2004 1202 2089 1267; x_wconf 81' lang='grc' dir='ltr'>νδ.</span> 
     </span>
    </p>
   </div>
   <div class='ocr_carea' id='block_1_7' title="bbox 395 1409 2846 4580">
    <p class='ocr_par' dir='ltr' id='par_1_7' title="bbox 402 1409 2846 3945">
     <span class='ocr_line' id='line_1_10' title="bbox 503 1409 2796 1501; baseline -0.003 -19"><span class='ocrx_word' id='word_1_58' title='bbox 503 1415 953 1482; x_wconf 84' lang='lat' dir='ltr'>Disserendum</span> <span class='ocrx_word' id='word_1_59' title='bbox 1024 1418 1153 1482; x_wconf 86' lang='lat' dir='ltr'>iam</span> <span class='ocrx_word' id='word_1_60' title='bbox 1235 1415 1312 1483; x_wconf 90' lang='lat' dir='ltr'>de</span> <span class='ocrx_word' id='word_1_61' title='bbox 1385 1418 1617 1483; x_wconf 84' lang='lat' dir='ltr'>ceteris</span> <span class='ocrx_word' id='word_1_62' title='bbox 1676 1417 2001 1483; x_wconf 80' lang='lat' dir='ltr'>codicibus</span> <span class='ocrx_word' id='word_1_63' title='bbox 2063 1436 2169 1481; x_wconf 82' lang='lat' dir='ltr'>sex</span> <span class='ocrx_word' id='word_1_64' title='bbox 2239 1419 2413 1501; x_wconf 88' lang='lat' dir='ltr'>(nam</span> <span class='ocrx_word' id='word_1_65' title='bbox 2483 1411 2560 1477; x_wconf 90' lang='lat' dir='ltr'>de</span> <span class='ocrx_word' id='word_1_66' title='bbox 2629 1409 2796 1476; x_wconf 91' lang='lat' dir='ltr'>libro</span> 
     </span>
     <span class='ocr_line' id='line_1_11' title="bbox 411 1518 2846 1610; baseline -0.002 -22"><span class='ocrx_word' id='word_1_67' title='bbox 411 1520 761 1588; x_wconf 87' lang='lat' dir='ltr'>Vesontino</span> <span class='ocrx_word' id='word_1_68' title='bbox 808 1542 923 1589; x_wconf 90' lang='lat' dir='ltr'>suo</span> <span class='ocrx_word' id='word_1_69' title='bbox 962 1520 1100 1587; x_wconf 91' lang='lat' dir='ltr'>loco</span> <span class='ocrx_word' id='word_1_70' title='bbox 1147 1522 1487 1588; x_wconf 89' lang='lat' dir='ltr'>dicendum</span> <span class='ocrx_word' id='word_1_71' title='bbox 1535 1522 1705 1610; x_wconf 80' lang='lat' dir='ltr'>erIt),</span> <span class='ocrx_word' id='word_1_72' title='bbox 1746 1524 1857 1609; x_wconf 88' lang='lat' dir='ltr'>qui</span> <span class='ocrx_word' id='word_1_73' title='bbox 1877 1573 1894 1608; x_wconf 91' lang='lat'>,</span> <span class='ocrx_word' id='word_1_74' title='bbox 1934 1544 2154 1595; x_wconf 83' lang='lat' dir='ltr'>omnes</span> <span class='ocrx_word' id='word_1_75' title='bbox 2193 1526 2337 1608; x_wconf 86' lang='lat' dir='ltr'>post</span> <span class='ocrx_word' id='word_1_76' title='bbox 2388 1524 2637 1585; x_wconf 88' lang='lat' dir='ltr'>renatas</span> <span class='ocrx_word' id='word_1_77' title='bbox 2688 1518 2798 1584; x_wconf 85' lang='lat' dir='ltr'>lit-</span> <span class='ocrx_word' id='word_1_78' title='bbox 2841 1538 2846 1544; x_wconf 89' lang='lat'>·</span> 
     </span>
     <span class='ocr_line' id='line_1_12' title="bbox 411 1626 2796 1713; baseline -0.002 -20"><span class='ocrx_word' id='word_1_79' title='bbox 411 1633 578 1695; x_wconf 87' lang='lat' dir='ltr'>teras</span> <span class='ocrx_word' id='word_1_80' title='bbox 637 1630 899 1713; x_wconf 86' lang='lat' dir='ltr'>scripti,</span> <span class='ocrx_word' id='word_1_81' title='bbox 958 1630 1054 1693; x_wconf 88' lang='lat' dir='ltr'>ita</span> <span class='ocrx_word' id='word_1_82' title='bbox 1113 1631 1282 1694; x_wconf 86' lang='lat' dir='ltr'>inter</span> <span class='ocrx_word' id='word_1_83' title='bbox 1343 1650 1409 1695; x_wconf 91' lang='lat' dir='ltr'>se</span> <span class='ocrx_word' id='word_1_84' title='bbox 1468 1632 1885 1707; x_wconf 84' lang='lat' dir='ltr'>conveniunt,</span> <span class='ocrx_word' id='word_1_85' title='bbox 1951 1636 2026 1695; x_wconf 88' lang='lat' dir='ltr'>ut</span> <span class='ocrx_word' id='word_1_86' title='bbox 2089 1628 2372 1695; x_wconf 90' lang='lat' dir='ltr'>eiusdem</span> <span class='ocrx_word' id='word_1_87' title='bbox 2426 1626 2644 1711; x_wconf 75' lang='lat' dir='ltr'>stirpis</span> <span class='ocrx_word' id='word_1_88' title='bbox 2691 1644 2796 1689; x_wconf 87' lang='lat' dir='ltr'>eos</span> 
     </span>
     <span class='ocr_line' id='line_1_13' title="bbox 411 1730 2794 1821; baseline -0.003 -20"><span class='ocrx_word' id='word_1_89' title='bbox 411 1754 547 1801; x_wconf 87' lang='lat' dir='ltr'>esse</span> <span class='ocrx_word' id='word_1_90' title='bbox 611 1735 823 1820; x_wconf 84' lang='lat' dir='ltr'>quivis</span> <span class='ocrx_word' id='word_1_91' title='bbox 884 1733 1071 1799; x_wconf 86' lang='lat' dir='ltr'>facile</span> <span class='ocrx_word' id='word_1_92' title='bbox 1126 1739 1447 1821; x_wconf 84' lang='lat' dir='ltr'>agnoscat.</span> <span class='ocrx_word' id='word_1_93' title='bbox 1517 1734 1659 1800; x_wconf 90' lang='lat' dir='ltr'>Hoc</span> <span class='ocrx_word' id='word_1_94' title='bbox 1704 1736 1943 1800; x_wconf 86' lang='lat' dir='ltr'>habent</span> <span class='ocrx_word' id='word_1_95' title='bbox 1991 1754 2210 1800; x_wconf 86' lang='lat' dir='ltr'>omnes</span> <span class='ocrx_word' id='word_1_96' title='bbox 2231 1784 2252 1817; x_wconf 87' lang='lat'><strong>,</strong></span> <span class='ocrx_word' id='word_1_97' title='bbox 2300 1731 2458 1819; x_wconf 89' lang='lat' dir='ltr'>(solo</span> <span class='ocrx_word' id='word_1_98' title='bbox 2503 1730 2794 1796; x_wconf 85' lang='lat' dir='ltr'>Mediceo</span> 
     </span>
     <span class='ocr_line' id='line_1_14' title="bbox 408 1834 2795 1927; baseline -0.002 -22"><span class='ocrx_word' id='word_1_99' title='bbox 408 1850 453 1905; x_wconf 92' lang='lat' dir='ltr'><strong>B</strong></span> <span class='ocrx_word' id='word_1_100' title='bbox 496 1844 755 1926; x_wconf 82' lang='lat' dir='ltr'>excepto</span> <span class='ocrx_word' id='word_1_101' title='bbox 796 1841 908 1925; x_wconf 87' lang='lat' dir='ltr'>qui</span> <span class='ocrx_word' id='word_1_102' title='bbox 945 1838 1144 1906; x_wconf 88' lang='lat' dir='ltr'>libros</span> <span class='ocrx_word' id='word_1_103' title='bbox 1191 1839 1460 1906; x_wconf 81' lang='lat'>42-60</span> <span class='ocrx_word' id='word_1_104' title='bbox 1507 1842 1848 1927; x_wconf 86' lang='lat' dir='ltr'>continet),</span> <span class='ocrx_word' id='word_1_105' title='bbox 1891 1838 1978 1906; x_wconf 75' lang='lat' dir='ltr'>‘ut</span> <span class='ocrx_word' id='word_1_106' title='bbox 2021 1842 2330 1926; x_wconf 76' lang='lat' dir='ltr'>incipiant</span> <span class='ocrx_word' id='word_1_107' title='bbox 2379 1859 2416 1904; x_wconf 83' lang='lat' dir='ltr'>a</span> <span class='ocrx_word' id='word_1_108' title='bbox 2462 1836 2628 1903; x_wconf 93' lang='lat' dir='ltr'>libro</span> <span class='ocrx_word' id='word_1_109' title='bbox 2669 1834 2754 1900; x_wconf 82' lang='lat'>36</span> <span class='ocrx_word' id='word_1_110' title='bbox 2774 1885 2795 1920; x_wconf 89' lang='lat'>,</span> 
     </span>
     <span class='ocr_line' id='line_1_15' title="bbox 409 1943 2794 2031; baseline 0 -22"><span class='ocrx_word' id='word_1_111' title='bbox 409 1943 600 2011; x_wconf 89' lang='lat' dir='ltr'>finem</span> <span class='ocrx_word' id='word_1_112' title='bbox 663 1945 900 2011; x_wconf 86' lang='lat' dir='ltr'>faciant</span> <span class='ocrx_word' id='word_1_113' title='bbox 943 1947 1010 2010; x_wconf 90' lang='lat' dir='ltr'>in</span> <span class='ocrx_word' id='word_1_114' title='bbox 1058 1946 1220 2012; x_wconf 89' lang='lat' dir='ltr'>libro</span> <span class='ocrx_word' id='word_1_115' title='bbox 1269 1944 1355 2011; x_wconf 89' lang='grc'>60</span> <span class='ocrx_word' id='word_1_116' title='bbox 1375 1996 1394 2031; x_wconf 85' lang='grc'><em>,</em></span> <span class='ocrx_word' id='word_1_117' title='bbox 1444 1949 1491 2013; x_wconf 84' lang='lat' dir='ltr'>i.</span> <span class='ocrx_word' id='word_1_118' title='bbox 1516 1968 1569 2012; x_wconf 92' lang='lat' dir='ltr'>e.</span> <span class='ocrx_word' id='word_1_119' title='bbox 1618 1955 1694 2013; x_wconf 91' lang='lat' dir='ltr'>ut</span> <span class='ocrx_word' id='word_1_120' title='bbox 1741 1968 1846 2013; x_wconf 91' lang='lat' dir='ltr'>eos</span> <span class='ocrx_word' id='word_1_121' title='bbox 1892 1947 2090 2013; x_wconf 91' lang='lat' dir='ltr'>libros</span> <span class='ocrx_word' id='word_1_122' title='bbox 2135 1944 2639 2030; x_wconf 81' lang='lat' dir='ltr'>complectantur</span> <span class='ocrx_word' id='word_1_123' title='bbox 2684 1945 2794 2027; x_wconf 88' lang='lat' dir='ltr'>qui</span> 
     </span>
     <span class='ocr_line' id='line_1_16' title="bbox 408 2048 2789 2138; baseline -0.002 -21"><span class='ocrx_word' id='word_1_124' title='bbox 408 2073 488 2117; x_wconf 88' lang='lat' dir='ltr'>ex</span> <span class='ocrx_word' id='word_1_125' title='bbox 539 2056 716 2137; x_wconf 84' lang='lat' dir='ltr'>parte</span> <span class='ocrx_word' id='word_1_126' title='bbox 760 2054 827 2116; x_wconf 92' lang='lat' dir='ltr'>in</span> <span class='ocrx_word' id='word_1_127' title='bbox 874 2052 1167 2118; x_wconf 88' lang='lat' dir='ltr'>Mediceo</span> <span class='ocrx_word' id='word_1_128' title='bbox 1214 2063 1267 2117; x_wconf 86' lang='lat' dir='ltr'>A</span> <span class='ocrx_word' id='word_1_129' title='bbox 1291 2099 1309 2131; x_wconf 87' lang='lat'>,</span> <span class='ocrx_word' id='word_1_130' title='bbox 1360 2073 1438 2119; x_wconf 82' lang='lat' dir='ltr'>ex</span> <span class='ocrx_word' id='word_1_131' title='bbox 1487 2058 1665 2138; x_wconf 86' lang='lat' dir='ltr'>parte</span> <span class='ocrx_word' id='word_1_132' title='bbox 1710 2056 1778 2119; x_wconf 91' lang='lat' dir='ltr'>in</span> <span class='ocrx_word' id='word_1_133' title='bbox 1823 2052 2073 2119; x_wconf 87' lang='lat' dir='ltr'>Veneto</span> <span class='ocrx_word' id='word_1_134' title='bbox 2121 2048 2213 2132; x_wconf 92' lang='lat' dir='ltr'>A,</span> <span class='ocrx_word' id='word_1_135' title='bbox 2263 2072 2341 2116; x_wconf 88' lang='lat' dir='ltr'>ex</span> <span class='ocrx_word' id='word_1_136' title='bbox 2387 2055 2566 2136; x_wconf 89' lang='lat' dir='ltr'>parte</span> <span class='ocrx_word' id='word_1_137' title='bbox 2613 2048 2789 2114; x_wconf 87' lang='lat' dir='ltr'>deni·</span> 
     </span>
     <span class='ocr_line' id='line_1_17' title="bbox 406 2156 2791 2244; baseline 0 -22"><span class='ocrx_word' id='word_1_138' title='bbox 406 2177 530 2244; x_wconf 88' lang='lat' dir='ltr'>que</span> <span class='ocrx_word' id='word_1_139' title='bbox 573 2160 641 2223; x_wconf 92' lang='lat' dir='ltr'>in</span> <span class='ocrx_word' id='word_1_140' title='bbox 690 2162 958 2244; x_wconf 89' lang='lat' dir='ltr'>utroque</span> <span class='ocrx_word' id='word_1_141' title='bbox 994 2160 1428 2225; x_wconf 84' lang='lat' dir='ltr'>inveniuntur.</span> <span class='ocrx_word' id='word_1_142' title='bbox 1494 2159 1629 2226; x_wconf 87' lang='lat' dir='ltr'>Nec</span> <span class='ocrx_word' id='word_1_143' title='bbox 1668 2160 1883 2225; x_wconf 88' lang='lat' dir='ltr'>minus</span> <span class='ocrx_word' id='word_1_144' title='bbox 1921 2162 1988 2224; x_wconf 91' lang='lat' dir='ltr'>in</span> <span class='ocrx_word' id='word_1_145' title='bbox 2026 2161 2146 2225; x_wconf 89' lang='lat' dir='ltr'>hoc</span> <span class='ocrx_word' id='word_1_146' title='bbox 2185 2156 2791 2241; x_wconf 72' lang='lat' dir='ltr'>consentiuntquod</span> 
     </span>
     <span class='ocr_line' id='line_1_18' title="bbox 406 2262 2789 2350; baseline -0.002 -21"><span class='ocrx_word' id='word_1_147' title='bbox 406 2265 477 2329; x_wconf 88' lang='lat' dir='ltr'>in</span> <span class='ocrx_word' id='word_1_148' title='bbox 522 2266 732 2350; x_wconf 82' lang='lat' dir='ltr'>prima</span> <span class='ocrx_word' id='word_1_149' title='bbox 777 2268 956 2349; x_wconf 83' lang='lat' dir='ltr'>parte</span> <span class='ocrx_word' id='word_1_150' title='bbox 994 2262 1255 2330; x_wconf 83' lang='lat' dir='ltr'>lacunas</span> <span class='ocrx_word' id='word_1_151' title='bbox 1291 2264 1571 2331; x_wconf 88' lang='lat' dir='ltr'>Medicei</span> <span class='ocrx_word' id='word_1_152' title='bbox 1611 2276 1666 2330; x_wconf 99' lang='lat' dir='ltr'>A</span> <span class='ocrx_word' id='word_1_153' title='bbox 1687 2312 1703 2344; x_wconf 91' lang='lat'>,</span> <span class='ocrx_word' id='word_1_154' title='bbox 1747 2265 1982 2332; x_wconf 88' lang='lat' dir='ltr'>Veneti</span> <span class='ocrx_word' id='word_1_155' title='bbox 2021 2276 2080 2329; x_wconf 92' lang='lat' dir='ltr'>A</span> <span class='ocrx_word' id='word_1_156' title='bbox 2113 2266 2181 2328; x_wconf 91' lang='lat' dir='ltr'>in</span> <span class='ocrx_word' id='word_1_157' title='bbox 2223 2266 2415 2329; x_wconf 89' lang='lat' dir='ltr'>tertia</span> <span class='ocrx_word' id='word_1_158' title='bbox 2452 2262 2789 2338; x_wconf 81' lang='lat' dir='ltr'>exhibent,</span> 
     </span>
     <span class='ocr_line' id='line_1_19' title="bbox 405 2370 2790 2457; baseline -0.002 -23"><span class='ocrx_word' id='word_1_159' title='bbox 405 2372 475 2434; x_wconf 92' lang='lat' dir='ltr'>in</span> <span class='ocrx_word' id='word_1_160' title='bbox 535 2370 747 2435; x_wconf 88' lang='lat' dir='ltr'>media</span> <span class='ocrx_word' id='word_1_161' title='bbox 803 2390 953 2437; x_wconf 85' lang='lat' dir='ltr'>vero</span> <span class='ocrx_word' id='word_1_162' title='bbox 1006 2371 1242 2436; x_wconf 87' lang='lat' dir='ltr'>habent</span> <span class='ocrx_word' id='word_1_163' title='bbox 1287 2370 1518 2437; x_wconf 88' lang='lat' dir='ltr'>nullas.</span> <span class='ocrx_word' id='word_1_164' title='bbox 1587 2372 1685 2437; x_wconf 79' lang='lat' dir='ltr'>Ex</span> <span class='ocrx_word' id='word_1_165' title='bbox 1733 2391 1859 2457; x_wconf 88' lang='lat' dir='ltr'>quo</span> <span class='ocrx_word' id='word_1_166' title='bbox 1905 2374 2123 2437; x_wconf 89' lang='lat' dir='ltr'>statim</span> <span class='ocrx_word' id='word_1_167' title='bbox 2171 2391 2286 2435; x_wconf 84' lang='lat' dir='ltr'>sua</span> <span class='ocrx_word' id='word_1_168' title='bbox 2332 2373 2554 2454; x_wconf 86' lang='lat' dir='ltr'>sponte</span> <span class='ocrx_word' id='word_1_169' title='bbox 2602 2387 2790 2452; x_wconf 83' lang='lat' dir='ltr'>appa-</span> 
     </span>
     <span class='ocr_line' id='line_1_20' title="bbox 403 2472 2789 2561; baseline -0.001 -21"><span class='ocrx_word' id='word_1_170' title='bbox 403 2481 502 2541; x_wconf 90' lang='lat' dir='ltr'>ret</span> <span class='ocrx_word' id='word_1_171' title='bbox 546 2475 663 2541; x_wconf 87' lang='lat' dir='ltr'>hos</span> <span class='ocrx_word' id='word_1_172' title='bbox 711 2476 955 2543; x_wconf 87' lang='lat' dir='ltr'>codices</span> <span class='ocrx_word' id='word_1_173' title='bbox 1002 2497 1080 2543; x_wconf 81' lang='lat' dir='ltr'>ex</span> <span class='ocrx_word' id='word_1_174' title='bbox 1124 2478 1284 2561; x_wconf 88' lang='lat' dir='ltr'>ipsis</span> <span class='ocrx_word' id='word_1_175' title='bbox 1327 2476 1463 2543; x_wconf 89' lang='lat' dir='ltr'>illis</span> <span class='ocrx_word' id='word_1_176' title='bbox 1506 2477 1963 2545; x_wconf 79' lang='lat' dir='ltr'>vetustissimis</span> <span class='ocrx_word' id='word_1_177' title='bbox 2002 2496 2139 2541; x_wconf 89' lang='lat' dir='ltr'>esse</span> <span class='ocrx_word' id='word_1_178' title='bbox 2177 2476 2540 2558; x_wconf 84' lang='lat' dir='ltr'>descriptos.</span> <span class='ocrx_word' id='word_1_179' title='bbox 2606 2472 2789 2553; x_wconf 81' lang='lat' dir='ltr'>Quod</span> 
     </span>
     <span class='ocr_line' id='line_1_21' title="bbox 406 2575 2786 2667; baseline -0.003 -20"><span class='ocrx_word' id='word_1_180' title='bbox 406 2587 553 2647; x_wconf 83' lang='lat' dir='ltr'>ante</span> <span class='ocrx_word' id='word_1_181' title='bbox 619 2580 1024 2649; x_wconf 84' lang='lat' dir='ltr'>Ludovicum</span> <span class='ocrx_word' id='word_1_182' title='bbox 1087 2580 1486 2649; x_wconf 87' lang='lat' dir='ltr'>Dindorfium</span> <span class='ocrx_word' id='word_1_183' title='bbox 1546 2585 1909 2667; x_wconf 89' lang='lat' dir='ltr'>neminem,</span> <span class='ocrx_word' id='word_1_184' title='bbox 1978 2602 2049 2647; x_wconf 84' lang='lat' dir='ltr'>ac</span> <span class='ocrx_word' id='word_1_185' title='bbox 2118 2601 2197 2646; x_wconf 90' lang='lat' dir='ltr'>ne</span> <span class='ocrx_word' id='word_1_186' title='bbox 2264 2578 2453 2644; x_wconf 89' lang='lat' dir='ltr'>illum</span> <span class='ocrx_word' id='word_1_187' title='bbox 2525 2575 2786 2662; x_wconf 90' lang='lat' dir='ltr'>quidem</span> 
     </span>
     <span class='ocr_line' id='line_1_22' title="bbox 404 2683 2788 2774; baseline -0.002 -22"><span class='ocrx_word' id='word_1_188' title='bbox 404 2686 591 2773; x_wconf 89' lang='lat' dir='ltr'>plane</span> <span class='ocrx_word' id='word_1_189' title='bbox 651 2690 1039 2774; x_wconf 82' lang='lat' dir='ltr'>perspexisse</span> <span class='ocrx_word' id='word_1_190' title='bbox 1102 2709 1252 2754; x_wconf 90' lang='lat' dir='ltr'>sane</span> <span class='ocrx_word' id='word_1_191' title='bbox 1315 2689 1680 2755; x_wconf 86' lang='lat' dir='ltr'>mirandum</span> <span class='ocrx_word' id='word_1_192' title='bbox 1749 2695 1863 2754; x_wconf 92' lang='lat' dir='ltr'>est.</span> <span class='ocrx_word' id='word_1_193' title='bbox 1951 2687 2013 2753; x_wconf 91' lang='lat' dir='ltr'>Is</span> <span class='ocrx_word' id='word_1_194' title='bbox 2073 2689 2242 2753; x_wconf 91' lang='lat' dir='ltr'>enim</span> <span class='ocrx_word' id='word_1_195' title='bbox 2291 2688 2358 2750; x_wconf 91' lang='lat' dir='ltr'>in</span> <span class='ocrx_word' id='word_1_196' title='bbox 2403 2683 2788 2771; x_wconf 79' lang='lat' dir='ltr'>praefatione</span> 
     </span>
     <span class='ocr_line' id='line_1_23' title="bbox 405 2790 2786 2881; baseline -0.003 -21"><span class='ocrx_word' id='word_1_197' title='bbox 405 2794 702 2860; x_wconf 87' lang='lat' dir='ltr'>editionis</span> <span class='ocrx_word' id='word_1_198' title='bbox 742 2793 1089 2881; x_wconf 88' lang='lat' dir='ltr'>Lipsiensis</span> <span class='ocrx_word' id='word_1_199' title='bbox 1128 2817 1185 2880; x_wconf 89' lang='lat' dir='ltr'>p.</span> <span class='ocrx_word' id='word_1_200' title='bbox 1230 2795 1262 2860; x_wconf 96' lang='lat' dir='ltr'>I</span> <span class='ocrx_word' id='word_1_201' title='bbox 1300 2817 1392 2880; x_wconf 88' lang='lat' dir='ltr'>sq.</span> <span class='ocrx_word' id='word_1_202' title='bbox 1430 2797 1525 2862; x_wconf 89' lang='lat' dir='ltr'>ita</span> <span class='ocrx_word' id='word_1_203' title='bbox 1562 2795 1819 2860; x_wconf 84' lang='lat' dir='ltr'>scribit:</span> <span class='ocrx_word' id='word_1_204' title='bbox 1850 2795 2112 2880; x_wconf 87' lang='lat' dir='ltr'>„scripti</span> <span class='ocrx_word' id='word_1_205' title='bbox 2135 2793 2323 2859; x_wconf 84' lang='lat' dir='ltr'>ambo</span> <span class='ocrx_word' id='word_1_206' title='bbox 2353 2790 2704 2877; x_wconf 83' lang='lat' dir='ltr'>(Mediceus</span> <span class='ocrx_word' id='word_1_207' title='bbox 2728 2799 2786 2854; x_wconf 93' lang='lat' dir='ltr'>A</span> 
     </span>
     <span class='ocr_line' id='line_1_24' title="bbox 404 2894 2786 2987; baseline -0.002 -22"><span class='ocrx_word' id='word_1_208' title='bbox 404 2905 467 2966; x_wconf 88' lang='lat' dir='ltr'>et</span> <span class='ocrx_word' id='word_1_209' title='bbox 531 2898 809 2966; x_wconf 85' lang='lat' dir='ltr'>Venetus</span> <span class='ocrx_word' id='word_1_210' title='bbox 869 2903 951 2987; x_wconf 88' lang='lat' dir='ltr'>A)</span> <span class='ocrx_word' id='word_1_211' title='bbox 1019 2907 1355 2986; x_wconf 84' lang='lat' dir='ltr'>antequam</span> <span class='ocrx_word' id='word_1_212' title='bbox 1407 2904 1736 2968; x_wconf 80' lang='lat' dir='ltr'>exsisteret</span> <span class='ocrx_word' id='word_1_213' title='bbox 1783 2903 1892 2986; x_wconf 91' lang='lat' dir='ltr'>qui</span> <span class='ocrx_word' id='word_1_214' title='bbox 1938 2903 2188 2986; x_wconf 83' lang='lat' dir='ltr'>partim.</span> <span class='ocrx_word' id='word_1_215' title='bbox 2220 2898 2478 2964; x_wconf 86' lang='lat' dir='ltr'>lacunas</span> <span class='ocrx_word' id='word_1_216' title='bbox 2523 2894 2786 2963; x_wconf 79' lang='lat' dir='ltr'>illorum</span> 
     </span>
     <span class='ocr_line' id='line_1_25' title="bbox 403 3002 2782 3095; baseline -0.002 -23"><span class='ocrx_word' id='word_1_217' title='bbox 403 3011 729 3093; x_wconf 84' lang='lat' dir='ltr'>utcunque</span> <span class='ocrx_word' id='word_1_218' title='bbox 776 3006 1027 3093; x_wconf 81' lang='lat' dir='ltr'>explere</span> <span class='ocrx_word' id='word_1_219' title='bbox 1066 3011 1301 3094; x_wconf 89' lang='lat' dir='ltr'>partim</span> <span class='ocrx_word' id='word_1_220' title='bbox 1342 3011 1503 3075; x_wconf 84' lang='lat' dir='ltr'>vitia</span> <span class='ocrx_word' id='word_1_221' title='bbox 1541 3029 1653 3095; x_wconf 89' lang='lat' dir='ltr'>pro</span> <span class='ocrx_word' id='word_1_222' title='bbox 1692 3013 1884 3094; x_wconf 86' lang='lat' dir='ltr'>captu</span> <span class='ocrx_word' id='word_1_223' title='bbox 1923 3027 2038 3073; x_wconf 87' lang='lat' dir='ltr'>suo</span> <span class='ocrx_word' id='word_1_224' title='bbox 2079 3004 2412 3072; x_wconf 87' lang='lat' dir='ltr'>emendare</span> <span class='ocrx_word' id='word_1_225' title='bbox 2449 3002 2782 3070; x_wconf 84' lang='lat' dir='ltr'>studeret&#39;&#39;.</span> 
     </span>
     <span class='ocr_line' id='line_1_26' title="bbox 402 3111 2789 3200; baseline -0.002 -22"><span class='ocrx_word' id='word_1_226' title='bbox 402 3111 489 3178; x_wconf 78' lang='lat' dir='ltr'>Et</span> <span class='ocrx_word' id='word_1_227' title='bbox 550 3111 768 3200; x_wconf 88' lang='lat' dir='ltr'>paullo</span> <span class='ocrx_word' id='word_1_228' title='bbox 828 3118 1008 3198; x_wconf 86' lang='lat' dir='ltr'>post:</span> <span class='ocrx_word' id='word_1_229' title='bbox 1077 3134 1268 3192; x_wconf 90' lang='lat' dir='ltr'>„nam</span> <span class='ocrx_word' id='word_1_230' title='bbox 1334 3115 1488 3180; x_wconf 84' lang='lat' dir='ltr'>adeo</span> <span class='ocrx_word' id='word_1_231' title='bbox 1552 3116 1654 3179; x_wconf 90' lang='lat' dir='ltr'>sui</span> <span class='ocrx_word' id='word_1_232' title='bbox 1699 3113 1938 3180; x_wconf 87' lang='lat' dir='ltr'>similis</span> <span class='ocrx_word' id='word_1_233' title='bbox 1985 3118 2080 3178; x_wconf 90' lang='lat' dir='ltr'>est</span> <span class='ocrx_word' id='word_1_234' title='bbox 2124 3133 2235 3198; x_wconf 91' lang='lat' dir='ltr'>per</span> <span class='ocrx_word' id='word_1_235' title='bbox 2283 3132 2502 3177; x_wconf 90' lang='lat' dir='ltr'>omnes</span> <span class='ocrx_word' id='word_1_236' title='bbox 2549 3111 2789 3198; x_wconf 83' lang='lat' dir='ltr'>viginti</span> 
     </span>
     <span class='ocr_line' id='line_1_27' title="bbox 403 3217 2788 3304; baseline -0.001 -20"><span class='ocrx_word' id='word_1_237' title='bbox 403 3220 683 3304; x_wconf 85' lang='lat' dir='ltr'>quinque</span> <span class='ocrx_word' id='word_1_238' title='bbox 709 3221 839 3304; x_wconf 89' lang='lat' dir='ltr'>·qui</span> <span class='ocrx_word' id='word_1_239' title='bbox 886 3220 1210 3286; x_wconf 86' lang='lat' dir='ltr'>codicibus</span> <span class='ocrx_word' id='word_1_240' title='bbox 1254 3220 1544 3287; x_wconf 90' lang='lat' dir='ltr'>Mediceo</span> <span class='ocrx_word' id='word_1_241' title='bbox 1592 3226 1657 3286; x_wconf 87' lang='lat' dir='ltr'>et</span> <span class='ocrx_word' id='word_1_242' title='bbox 1711 3219 1948 3286; x_wconf 85' lang='lat' dir='ltr'>Veneto</span> <span class='ocrx_word' id='word_1_243' title='bbox 1995 3221 2348 3285; x_wconf 84' lang='lat' dir='ltr'>conservati</span> <span class='ocrx_word' id='word_1_244' title='bbox 2397 3222 2546 3282; x_wconf 90' lang='lat' dir='ltr'>sunt</span> <span class='ocrx_word' id='word_1_245' title='bbox 2589 3217 2788 3283; x_wconf 90' lang='lat' dir='ltr'>libros</span> 
     </span>
     <span class='ocr_line' id='line_1_28' title="bbox 404 3323 2787 3412; baseline -0.001 -22"><span class='ocrx_word' id='word_1_246' title='bbox 404 3330 479 3390; x_wconf 90' lang='lat' dir='ltr'>ut</span> <span class='ocrx_word' id='word_1_247' title='bbox 542 3346 744 3391; x_wconf 88' lang='lat' dir='ltr'>unum</span> <span class='ocrx_word' id='word_1_248' title='bbox 810 3327 1207 3412; x_wconf 87' lang='lat' dir='ltr'>eundemque</span> <span class='ocrx_word' id='word_1_249' title='bbox 1251 3327 1446 3393; x_wconf 88' lang='lat' dir='ltr'>fuisse</span> <span class='ocrx_word' id='word_1_250' title='bbox 1492 3333 1712 3412; x_wconf 90' lang='lat' dir='ltr'>putem</span> <span class='ocrx_word' id='word_1_251' title='bbox 1761 3326 2087 3392; x_wconf 89' lang='lat' dir='ltr'>hominem</span> <span class='ocrx_word' id='word_1_252' title='bbox 2139 3328 2249 3410; x_wconf 88' lang='lat' dir='ltr'>qui</span> <span class='ocrx_word' id='word_1_253' title='bbox 2297 3325 2578 3390; x_wconf 88' lang='lat' dir='ltr'>codicem</span> <span class='ocrx_word' id='word_1_254' title='bbox 2625 3323 2787 3388; x_wconf 90' lang='lat' dir='ltr'>Lau-</span> 
     </span>
     <span class='ocr_line' id='line_1_29' title="bbox 402 3432 2788 3519; baseline -0.001 -23"><span class='ocrx_word' id='word_1_255' title='bbox 402 3435 690 3499; x_wconf 86' lang='lat' dir='ltr'>rentiano</span> <span class='ocrx_word' id='word_1_256' title='bbox 754 3432 1207 3519; x_wconf 88' lang='lat' dir='ltr'>Marcianoque</span> <span class='ocrx_word' id='word_1_257' title='bbox 1266 3440 1493 3500; x_wconf 88' lang='lat' dir='ltr'>nactus</span> <span class='ocrx_word' id='word_1_258' title='bbox 1551 3435 1802 3498; x_wconf 72' lang='lat' dir='ltr'>similem</span> <span class='ocrx_word' id='word_1_259' title='bbox 1866 3454 2010 3499; x_wconf 88' lang='lat' dir='ltr'>eum</span> <span class='ocrx_word' id='word_1_260' title='bbox 2068 3437 2144 3498; x_wconf 92' lang='lat' dir='ltr'>ut</span> <span class='ocrx_word' id='word_1_261' title='bbox 2187 3438 2397 3519; x_wconf 86' lang='lat' dir='ltr'>posset</span> <span class='ocrx_word' id='word_1_262' title='bbox 2446 3432 2788 3518; x_wconf 89' lang='lat' dir='ltr'>corrigeret</span> 
     </span>
     <span class='ocr_line' id='line_1_30' title="bbox 404 3537 2786 3627; baseline -0.002 -24"><span class='ocrx_word' id='word_1_263' title='bbox 404 3539 667 3622; x_wconf 86' lang='lat' dir='ltr'>eiusque</span> <span class='ocrx_word' id='word_1_264' title='bbox 722 3541 999 3605; x_wconf 86' lang='lat' dir='ltr'>minores</span> <span class='ocrx_word' id='word_1_265' title='bbox 1056 3539 1316 3605; x_wconf 82' lang='lat' dir='ltr'>lacunas</span> <span class='ocrx_word' id='word_1_266' title='bbox 1378 3561 1456 3605; x_wconf 88' lang='lat' dir='ltr'>ex</span> <span class='ocrx_word' id='word_1_267' title='bbox 1500 3541 1761 3627; x_wconf 85' lang='lat' dir='ltr'>ingenio</span> <span class='ocrx_word' id='word_1_268' title='bbox 1807 3540 2078 3605; x_wconf 84' lang='lat' dir='ltr'>maiores</span> <span class='ocrx_word' id='word_1_269' title='bbox 2125 3560 2160 3605; x_wconf 91' lang='lat' dir='ltr'>e</span> <span class='ocrx_word' id='word_1_270' title='bbox 2206 3538 2544 3622; x_wconf 89' lang='lat' dir='ltr'>Xiphilino</span> <span class='ocrx_word' id='word_1_271' title='bbox 2591 3537 2786 3600; x_wconf 89' lang='lat' dir='ltr'>sarci-</span> 
     </span>
     <span class='ocr_line' id='line_1_31' title="bbox 402 3642 2783 3731; baseline -0.001 -23"><span class='ocrx_word' id='word_1_272' title='bbox 402 3643 551 3709; x_wconf 82' lang='lat' dir='ltr'>ret”.</span> <span class='ocrx_word' id='word_1_273' title='bbox 626 3643 771 3710; x_wconf 90' lang='lat' dir='ltr'>Imo</span> <span class='ocrx_word' id='word_1_274' title='bbox 816 3665 967 3711; x_wconf 85' lang='lat' dir='ltr'>vero</span> <span class='ocrx_word' id='word_1_275' title='bbox 1012 3648 1227 3731; x_wconf 86' lang='lat' dir='ltr'>ipsum</span> <span class='ocrx_word' id='word_1_276' title='bbox 1275 3645 1640 3712; x_wconf 87' lang='lat' dir='ltr'>Mediceum</span> <span class='ocrx_word' id='word_1_277' title='bbox 1692 3646 1975 3712; x_wconf 89' lang='lat' dir='ltr'>codicem</span> <span class='ocrx_word' id='word_1_278' title='bbox 2025 3651 2089 3710; x_wconf 90' lang='lat' dir='ltr'>et</span> <span class='ocrx_word' id='word_1_279' title='bbox 2135 3645 2460 3710; x_wconf 79' lang='lat' dir='ltr'>Venetam</span> <span class='ocrx_word' id='word_1_280' title='bbox 2507 3642 2783 3727; x_wconf 86' lang='lat' dir='ltr'>descrip-</span> 
     </span>
     <span class='ocr_line' id='line_1_32' title="bbox 404 3748 2786 3838; baseline -0.003 -22"><span class='ocrx_word' id='word_1_281' title='bbox 404 3754 491 3816; x_wconf 86' lang='lat' dir='ltr'>sit</span> <span class='ocrx_word' id='word_1_282' title='bbox 552 3751 743 3816; x_wconf 89' lang='lat' dir='ltr'>homo</span> <span class='ocrx_word' id='word_1_283' title='bbox 805 3750 918 3817; x_wconf 87' lang='lat' dir='ltr'>ille</span> <span class='ocrx_word' id='word_1_284' title='bbox 981 3753 1237 3830; x_wconf 87' lang='lat' dir='ltr'>doctus,</span> <span class='ocrx_word' id='word_1_285' title='bbox 1307 3751 1688 3838; x_wconf 87' lang='lat' dir='ltr'>lacunasque</span> <span class='ocrx_word' id='word_1_286' title='bbox 1747 3752 2010 3818; x_wconf 84' lang='lat' dir='ltr'>alterius</span> <span class='ocrx_word' id='word_1_287' title='bbox 2083 3751 2344 3817; x_wconf 81' lang='lat' dir='ltr'>alterius</span> <span class='ocrx_word' id='word_1_288' title='bbox 2413 3770 2530 3834; x_wconf 93' lang='lat' dir='ltr'>ope</span> <span class='ocrx_word' id='word_1_289' title='bbox 2598 3748 2786 3812; x_wconf 83' lang='lat' dir='ltr'>sarsit</span> 
     </span>
     <span class='ocr_line' id='line_1_33' title="bbox 405 3855 2624 3945; baseline -0.003 -23"><span class='ocrx_word' id='word_1_290' title='bbox 405 3857 601 3923; x_wconf 91' lang='lat' dir='ltr'>donec</span> <span class='ocrx_word' id='word_1_291' title='bbox 651 3855 977 3923; x_wconf 84' lang='lat' dir='ltr'>deficient-e</span> <span class='ocrx_word' id='word_1_292' title='bbox 1026 3860 1155 3924; x_wconf 91' lang='lat' dir='ltr'>iam</span> <span class='ocrx_word' id='word_1_293' title='bbox 1204 3858 1495 3925; x_wconf 85' lang='lat' dir='ltr'>Mediceo</span> <span class='ocrx_word' id='word_1_294' title='bbox 1542 3858 1868 3945; x_wconf 85' lang='lat' dir='ltr'>Xiphilini</span> <span class='ocrx_word' id='word_1_295' title='bbox 1913 3858 2232 3923; x_wconf 87' lang='lat' dir='ltr'>auxilium</span> <span class='ocrx_word' id='word_1_296' title='bbox 2279 3857 2624 3923; x_wconf 83' lang='lat' dir='ltr'>invocavit.</span> 
     </span>
    </p>

    <p class='ocr_par' dir='ltr' id='par_1_8' title="bbox 395 3961 2786 4580">
     <span class='ocr_line' id='line_1_34' title="bbox 493 3961 2783 4050; baseline -0.001 -21"><span class='ocrx_word' id='word_1_297' title='bbox 493 3961 799 4048; x_wconf 82' lang='lat' dir='ltr'>Sequitur</span> <span class='ocrx_word' id='word_1_298' title='bbox 855 3970 931 4029; x_wconf 86' lang='lat' dir='ltr'>ut</span> <span class='ocrx_word' id='word_1_299' title='bbox 991 3963 1184 4030; x_wconf 89' lang='lat' dir='ltr'>huius</span> <span class='ocrx_word' id='word_1_300' title='bbox 1244 3965 1553 4030; x_wconf 88' lang='lat' dir='ltr'>secundae</span> <span class='ocrx_word' id='word_1_301' title='bbox 1600 3962 1820 4030; x_wconf 88' lang='lat' dir='ltr'>classis</span> <span class='ocrx_word' id='word_1_302' title='bbox 1867 3965 2287 4050; x_wconf 83' lang='lat' dir='ltr'>archetypum</span> <span class='ocrx_word' id='word_1_303' title='bbox 2310 4008 2326 4040; x_wconf 91' lang='lat'>‚</span> <span class='ocrx_word' id='word_1_304' title='bbox 2373 3967 2446 4026; x_wconf 89' lang='lat' dir='ltr'>ut</span> <span class='ocrx_word' id='word_1_305' title='bbox 2497 3961 2783 4026; x_wconf 88' lang='lat' dir='ltr'>homines</span> 
     </span>
     <span class='ocr_line' id='line_1_35' title="bbox 398 4066 2786 4158; baseline -0 -25"><span class='ocrx_word' id='word_1_306' title='bbox 398 4066 716 4157; x_wconf 81' lang='lat' dir='ltr'>philologi</span> <span class='ocrx_word' id='word_1_307' title='bbox 761 4068 1143 4156; x_wconf 89' lang='lat' dir='ltr'>loquuntur,</span> <span class='ocrx_word' id='word_1_308' title='bbox 1192 4071 1676 4158; x_wconf 82' lang='lat' dir='ltr'>investigemus.</span> <span class='ocrx_word' id='word_1_309' title='bbox 1747 4069 1971 4154; x_wconf 85' lang='lat' dir='ltr'>Neque</span> <span class='ocrx_word' id='word_1_310' title='bbox 2017 4068 2085 4134; x_wconf 93' lang='lat' dir='ltr'>id</span> <span class='ocrx_word' id='word_1_311' title='bbox 2132 4068 2404 4133; x_wconf 88' lang='lat' dir='ltr'>arduum</span> <span class='ocrx_word' id='word_1_312' title='bbox 2452 4087 2610 4152; x_wconf 87' lang='lat' dir='ltr'>opus</span> <span class='ocrx_word' id='word_1_313' title='bbox 2666 4071 2786 4132; x_wconf 89' lang='lat' dir='ltr'>est.</span> 
     </span>
     <span class='ocr_line' id='line_1_36' title="bbox 400 4172 2784 4264; baseline -0.002 -23"><span class='ocrx_word' id='word_1_314' title='bbox 400 4174 765 4242; x_wconf 85' lang='lat' dir='ltr'>Secundum</span> <span class='ocrx_word' id='word_1_315' title='bbox 814 4177 984 4242; x_wconf 90' lang='lat' dir='ltr'>enim</span> <span class='ocrx_word' id='word_1_316' title='bbox 1034 4182 1269 4243; x_wconf 87' lang='lat' dir='ltr'>certam</span> <span class='ocrx_word' id='word_1_317' title='bbox 1319 4176 1531 4264; x_wconf 86' lang='lat' dir='ltr'>legem</span> <span class='ocrx_word' id='word_1_318' title='bbox 1580 4182 1645 4242; x_wconf 91' lang='lat' dir='ltr'>et</span> <span class='ocrx_word' id='word_1_319' title='bbox 1691 4183 2099 4262; x_wconf 85' lang='lat' dir='ltr'>perpetuam,</span> <span class='ocrx_word' id='word_1_320' title='bbox 2147 4195 2222 4240; x_wconf 86' lang='lat' dir='ltr'>ex</span> <span class='ocrx_word' id='word_1_321' title='bbox 2271 4193 2396 4258; x_wconf 88' lang='lat' dir='ltr'>qua</span> <span class='ocrx_word' id='word_1_322' title='bbox 2441 4173 2561 4239; x_wconf 90' lang='lat' dir='ltr'>hac</span> <span class='ocrx_word' id='word_1_323' title='bbox 2601 4172 2678 4238; x_wconf 90' lang='lat' dir='ltr'>de</span> <span class='ocrx_word' id='word_1_324' title='bbox 2715 4193 2784 4238; x_wconf 88' lang='lat' dir='ltr'>re</span> 
     </span>
     <span class='ocr_line' id='line_1_37' title="bbox 401 4279 2783 4370; baseline -0.002 -22"><span class='ocrx_word' id='word_1_325' title='bbox 401 4282 739 4348; x_wconf 88' lang='lat' dir='ltr'>diiudicari</span> <span class='ocrx_word' id='word_1_326' title='bbox 783 4286 1027 4370; x_wconf 86' lang='lat' dir='ltr'>potest,</span> <span class='ocrx_word' id='word_1_327' title='bbox 1078 4303 1237 4367; x_wconf 84' lang='lat' dir='ltr'>quae</span> <span class='ocrx_word' id='word_1_328' title='bbox 1286 4284 1363 4348; x_wconf 92' lang='lat' dir='ltr'>de</span> <span class='ocrx_word' id='word_1_329' title='bbox 1411 4283 1702 4348; x_wconf 90' lang='lat' dir='ltr'>codicum</span> <span class='ocrx_word' id='word_1_330' title='bbox 1751 4285 2095 4369; x_wconf 82' lang='lat' dir='ltr'>propagine</span> <span class='ocrx_word' id='word_1_331' title='bbox 2135 4281 2310 4346; x_wconf 85' lang='lat' dir='ltr'>idem</span> <span class='ocrx_word' id='word_1_332' title='bbox 2349 4279 2561 4348; x_wconf 75' lang='lat' dir='ltr'>valere</span> <span class='ocrx_word' id='word_1_333' title='bbox 2601 4279 2783 4345; x_wconf 91' lang='lat' dir='ltr'>docet</span> 
     </span>
     <span class='ocr_line' id='line_1_38' title="bbox 400 4385 2782 4478; baseline 0 -26"><span class='ocrx_word' id='word_1_334' title='bbox 400 4386 569 4474; x_wconf 89' lang='lat' dir='ltr'>quod</span> <span class='ocrx_word' id='word_1_335' title='bbox 628 4395 777 4454; x_wconf 90' lang='lat' dir='ltr'>noto</span> <span class='ocrx_word' id='word_1_336' title='bbox 837 4386 975 4454; x_wconf 90' lang='lat' dir='ltr'>loco</span> <span class='ocrx_word' id='word_1_337' title='bbox 1040 4385 1183 4474; x_wconf 85' lang='lat' dir='ltr'>(od.</span> <span class='ocrx_word' id='word_1_338' title='bbox 1242 4387 1386 4472; x_wconf 90' lang='lat'>111,</span> <span class='ocrx_word' id='word_1_339' title='bbox 1453 4389 1529 4468; x_wconf 85' lang='lat'>6,</span> <span class='ocrx_word' id='word_1_340' title='bbox 1597 4387 1709 4478; x_wconf 75' lang='grc'>46)</span> <span class='ocrx_word' id='word_1_341' title='bbox 1758 4389 1836 4454; x_wconf 92' lang='lat' dir='ltr'>de</span> <span class='ocrx_word' id='word_1_342' title='bbox 1881 4408 2111 4476; x_wconf 88' lang='lat' dir='ltr'>genere</span> <span class='ocrx_word' id='word_1_343' title='bbox 2160 4388 2442 4452; x_wconf 90' lang='lat' dir='ltr'>humano</span> <span class='ocrx_word' id='word_1_344' title='bbox 2485 4389 2554 4451; x_wconf 93' lang='lat' dir='ltr'>in</span> <span class='ocrx_word' id='word_1_345' title='bbox 2602 4389 2782 4471; x_wconf 85' lang='lat' dir='ltr'>peius</span> 
     </span>
     <span class='ocr_line' id='line_1_39' title="bbox 395 4493 2783 4580; baseline -0 -19"><span class='ocrx_word' id='word_1_346' title='bbox 395 4514 646 4580; x_wconf 87' lang='lat' dir='ltr'>semper</span> <span class='ocrx_word' id='word_1_347' title='bbox 708 4493 1039 4562; x_wconf 87' lang='lat' dir='ltr'>delabente</span> <span class='ocrx_word' id='word_1_348' title='bbox 1100 4496 1330 4562; x_wconf 88' lang='lat' dir='ltr'>cecinit</span> <span class='ocrx_word' id='word_1_349' title='bbox 1394 4493 1704 4561; x_wconf 86' lang='lat' dir='ltr'>Horatius</span> <span class='ocrx_word' id='word_1_350' title='bbox 1772 4531 1854 4544; x_wconf 90' lang='lat'><em>-</em></span> <span class='ocrx_word' id='word_1_351' title='bbox 1924 4493 2274 4560; x_wconf 86' lang='lat' dir='ltr'>secundum</span> <span class='ocrx_word' id='word_1_352' title='bbox 2345 4493 2508 4558; x_wconf 88' lang='lat' dir='ltr'>hanc</span> <span class='ocrx_word' id='word_1_353' title='bbox 2577 4494 2783 4580; x_wconf 86' lang='lat' dir='ltr'>igitur</span> 
     </span>
    </p>
   </div>
  </div>
 </body>
</html>
