3436 5161
705 369 840 436 304
1773 391 2013 442 cronno.

796 553 900 620 59.
975 555 1250 634 „Fuerat
1311 556 1572 623 fortasse
1633 556 1849 642 aliqua
1911 559 2073 624 ratio
2134 558 2485 623 maioribus
2545 559 2779 622 nostrie
2839 558 2906 620 in
2934 514 2943 520 ἡ
2971 553 3093 620 illo

705 681 846 726 aere
909 661 1116 728 alieno
1177 663 1505 739 medendi,
1573 684 1736 748 quae
1792 684 1997 748 neque
2056 663 2354 730 Solonem
2405 701 2489 712 —
2544 664 2839 751 fugerat,
2882 681 3092 746 neque

703 773 844 852 post
890 766 1215 852 aliquanto
1261 774 1552 834 nostrum
1599 769 1951 834 senatum''.

791 871 935 938 Non
990 873 1144 940 facit
1201 881 1420 940 auctor
1482 877 1908 940 coniecturam
1970 876 2047 941 de
2111 895 2217 958 eo,
2284 875 2450 959 quod
2506 877 2779 960 maiores
2824 893 2889 937 re
2935 893 3091 937 vera
3182 945 3187 948 ,

703 981 998 1056 moverit,
1069 980 1179 1046 sed
1241 991 1492 1064 monet,
1560 982 1712 1066 quid
1784 981 1987 1046 facere
2058 981 2317 1046 fortasse
2385 980 2621 1046 melius
2690 981 3086 1064 potuissent3

699 1087 1010 1150 rationem
1077 1086 1392 1171 quandam
1453 1087 1646 1152 fuisse
1693 1087 1850 1153 dicit
1896 1086 2115 1153 Soloni
2166 1087 2621 1174 (σεισάχθειαν)
2675 1094 2739 1150 et
2785 1091 2928 1170 post
2975 1083 3088 1148 Se·

697 1192 914 1272 natui,
979 1212 1104 1276 qua
1165 1195 1267 1257 usi
1330 1196 1602 1258 maiores
1667 1201 1837 1271 tum⁴
1875 1214 1999 1258 non
2048 1197 2211 1271 sint;
2260 1195 2369 1258 sed
2418 1194 2536 1258 hoc
2588 1199 2771 1270 „tum
2821 1191 3085 1256 consilio

699 1297 1180 1381 praetermiseo”
1229 1298 1336 1384 (cf.
1385 1300 1577 1383 paulo
1625 1301 1795 1386 post)
1844 1300 2133 1366 tribunos
2195 1309 2587 1366 creaverunt.
2659 1298 2957 1364 Desidero
3016 1296 3087 1361 id

697 1403 865 1487 qnod
915 1401 1032 1469 Off.
1084 1403 1194 1468 111.
1247 1404 1336 1468 94
1382 1405 1674 1470 additur:
1727 1411 2011 1496 „quanto
2052 1407 2259 1470 melius
2306 1406 2512 1472 fuerat
2549 1407 2615 1470 in
2654 1405 2772 1469 hoe
2811 1404 3085 1488 promis-

697 1529 842 1573 sum
893 1511 1089 1593 patris
1136 1530 1258 1575 non
1295 1531 1430 1576 esse
1469 1518 1793 1576 servatum
1816 1507 1869 1576 l”
1912 1503 2234 1578 Fortasse:
2278 1514 2525 1590 „fuerat
2566 1511 2828 1576 fortasse
2870 1508 3087 1593 aliqua

695 1617 860 1679 ratio
921 1617 1270 1680 maioribus
1333 1619 1562 1682 nostris
1623 1619 1830 1682 melior
1894 1624 2023 1682 aeri
2076 1617 2283 1684 alieno
2328 1616 2682 1683 medendi”.
2750 1633 2971 1680 nunno
3021 1621 3087 1679 et

696 1739 940 1786 namon
997 1741 1121 1786 non
1185 1743 1572 1809 magnopere
1623 1723 1987 1790 litterarum
2034 1723 2333 1790 ductibus
2381 1723 2631 1789 diversa
2678 1729 2859 1795 sunt,
2908 1741 3085 1806 prae-

697 1830 917 1893 sertim
983 1830 1038 1892 si
1099 1828 1254 1893 haec
1309 1849 1388 1894 ex
1439 1829 1775 1913 „capitali”
1820 1829 2033 1896 codice
2080 1831 2391 1915 descripta
2437 1835 2622 1910 sunt,
2671 1830 2737 1892 in
2789 1846 2913 1912 quo
2958 1847 3085 1890 non

695 1949 738 1998 u
802 1939 1057 1997 tantum
1122 1935 1223 2018 (ut
1282 1937 1348 1999 in
1417 1933 1749 2022 Vaticano)
1813 1935 1923 2001 sed
1970 1939 2165 2002 etiam
2213 1953 2265 2002 Μ
2312 1935 2624 2023 ungulato
2672 1941 2795 2016 est,
2841 1935 2907 1998 in
2958 1952 3085 2016 quo

694 2058 926 2127 genere
989 2059 1057 2105 m
1117 2047 1182 2105 et
1241 2058 1326 2118 ιι,
1391 2059 1416 2105 1
1477 2050 1542 2106 et
1599 2059 1641 2106 1.
1704 2041 1890 2110 faeile
1950 2043 2456 2119 confunduntur,
2522 2057 2739 2108 nunno
2786 2045 2853 2104 et
2896 2055 3085 2104 mmo

694 2165 892 2230 paene
939 2153 1090 2212 sunt
1135 2149 1304 2212 inter
1347 2167 1414 2212 se
1459 2147 1716 2214 similia.

788 2356 896 2424 6¹72
973 2357 1185 2436 „Tum
1250 2357 1498 2444 Scipio:
1565 2366 1757 2445 atque
1820 2362 2067 2426 utinam
2134 2381 2213 2425 ex
2274 2345 2452 2426 omni
2512 2363 2733 2458 senatu
2782 2377 2895 2442 pro
2942 2362 3084 2421 rata

692 2469 872 2550 parte
934 2470 1096 2530 esset
1159 2463 1352 2550 (bella
1415 2465 1757 2550 prudentes
1804 2462 2083 2552 eligendi
2133 2465 2361 2550 copia).
2432 2463 2557 2530 Sed
2604 2469 2818 2528 tamen
2867 2468 2942 2526 ut
2984 2467 3085 2525 est

579 2645 586 2653 ,
689 2569 805 2636 ille
841 2569 1118 2655 prudens
1141 2618 1156 2649 ‚
1203 2573 1351 2657 qui,
1391 2577 1466 2637 ut
1505 2593 1688 2657 saepe
1729 2575 1796 2637 in
1833 2572 2050 2638 Africa
2089 2571 2403 2655 vidimus,
2445 2573 2716 2637 immani
2761 2576 2826 2636 et
2863 2575 3083 2635 vastae

689 2676 972 2742 insidens
1018 2677 1244 2743 beluae
1290 2684 1532 2744 coercet
1580 2686 1644 2744 et
1688 2679 1861 2765 regit
1904 2698 2279 2764 quocunque
2323 2676 2495 2756 volt,
2550 2714 2630 2725 —
2679 2677 2808 2743 levi
2864 2676 3083 2741 admo-

691 2784 872 2857 nitu,
921 2802 1044 2849 non
1091 2785 1226 2847 ictu
1273 2782 1542 2849 inflectit
1588 2782 1773 2849 illam
1822 2786 2021 2849 feram
2074 2820 2157 2833 —-
2208 2784 2379 2850 Lael.
2424 2783 2593 2850 Novi
2630 2788 2725 2859 et,
2766 2783 2887 2848 tibi
2929 2802 3081 2847 cum

691 2908 897 2955 essem
958 2888 1212 2975 legatus
1231 2936 1248 2966 ,
1313 2910 1496 2975 saepe
1559 2890 1716 2956 vidi.
1807 2890 1967 2974 Βοὴ).
2030 2888 2205 2976 Ergo
2270 2888 2384 2955 ille
2430 2886 2623 2954 Indus
2668 2894 2783 2953 aut
2826 2885 3081 2952 Poenus

692 3014 888 3060 unam
939 3000 1186 3060 coercet
1231 2994 1544 3073 beluam”,
1595 2994 1731 3061 rell.

785 3098 890 3165 Sic
947 3100 1078 3165 fere
1124 3099 1333 3165 locum
1357 3147 1374 3178 ‚
1425 3099 1593 3166 male
1637 3104 1707 3165 in
1754 3101 1969 3166 codice
2017 3101 2327 3167 traditum
2350 3148 2367 3179 ‚
2414 3100 2759 3188 legendum
2808 3104 3080 3184 putave-

691 3207 841 3270 rim.
913 3204 1148 3271 Addidi
1215 3216 1282 3269 ut
1337 3213 1480 3291 post
1533 3208 1640 3271 sed
1700 3218 1929 3285 tamen,
1978 3208 2146 3292 quod
2196 3206 2435 3273 excidit
2481 3213 2627 3272 ante
2674 3214 2762 3270 est
2810 3202 3082 3289 (similia

691 3331 882 3396 supra
945 3313 1199 3397 tetigi„
1262 3320 1406 3396 post
1465 3320 1686 3377 coercet
1740 3321 1797 3377 ct
1856 3314 2009 3394 repit
2074 3334 2221 3379 eum
2280 3312 2529 3380 Osanno
2576 3314 2803 3379 beluam
2850 3315 3044 3378 omisi
3059 3332 3077 3391 ;

693 3418 836 3501 post
889 3418 1011 3480 volt
1072 3422 1136 3482 et
1181 3418 1388 3503 feram
1437 3420 1743 3503 abruptae
1790 3420 2090 3484 orationis
2136 3421 2394 3505 signum
2444 3418 2659 3505 posui3
2707 3419 2860 3483 haec
2906 3421 3077 3483 enim

689 3522 1097 3608 parenthesin
1143 3524 1466 3589 continent
1497 3526 1939 3608 interpositam
1982 3544 2017 3589 a
2056 3523 2351 3609 Scipione
2391 3526 2725 3590 dubitante
2742 3572 2759 3602 ,
2797 3545 2955 3589 num
2978 3543 3079 3591 res

689 3630 848 3693 satis
887 3627 1285 3693 auditoribus
1326 3636 1476 3696 nota
1515 3632 1639 3707 sit;
1681 3650 1794 3715 pro
1832 3631 1958 3693 ictu
2004 3630 2199 3696 codex
2238 3638 2375 3695 actu
2390 3650 2408 3708 3
2440 3629 2795 3697 Muellerus
2819 3631 3080 3695 coniicit

689 3756 762 3797 ac
795 3740 949 3797 nutu
987 3734 1128 3817 (pro
1169 3756 1288 3797 non
1326 3734 1506 3820 actu).
1564 3772 1644 3783 —
1697 3734 2003 3801 Dicturus
2050 3743 2185 3801 erat
2230 3734 2479 3823 Scipio:
2530 3740 2605 3800 ut
2648 3742 2853 3800 rector
2897 3732 3079 3799 illius

689 3837 915 3907 beluae
963 3839 1242 3924 prudens
1285 3846 1418 3925 est,
1465 3842 1556 3905 sic
1589 3840 1864 3925 prudens
1884 3888 1901 3919 ‚
1944 3844 2055 3926 qui
2094 3860 2274 3907 suam
2316 3841 2733 3926 cupiditatem
2774 3838 2975 3905 simul
3014 3846 3079 3905 et

690 3944 964 4012 aliorum
1000 3948 1134 4023 ‚iras
1171 3952 1413 4012 coercet
1455 3948 1739 4014 civitatis
1762 3949 2167 4035 gubernator.
2196 3984 2279 3997 -
2307 3946 2772 4032 Interpolatum
2802 3967 2939 4011 esse
2957 3996 2975 4023 ,
3002 3952 3079 4011 ut

567 4056 571 4059 ’
689 4055 887 4119 statui
906 4100 922 4129 ,
964 4052 1193 4116 bebuam
1238 4052 1631 4137 probabilius
1677 4060 1772 4118 est
1817 4073 2009 4138 quam
2060 4055 2275 4121 omnia
2320 4053 2510 4119 haee:
2558 4059 2781 4117 coercet
2821 4060 2879 4116 et
2920 4052 3080 4131 reqit

693 4160 920 4222 beluam
964 4156 1405 4245 (Steinacker).
1453 4158 1752 4225 Similem
1780 4158 2332 4245 interpolationem
2357 4160 2551 4224 habes
2573 4156 2622 4221 Ι.
2652 4157 2775 4223 31:
2806 4161 3077 4237 „trium-

689 4267 846 4331 viris
883 4263 1388 4329 seditiosissimis
1435 4264 1676 4350 aliquid
1726 4265 1955 4331 cotidie
2000 4267 2151 4333 novi
2198 4264 2643 4342 molientibus,
2692 4264 2874 4329 bonis
2919 4264 3077 4329 viris

693 4369 1177 4456 [locupletibus]
1220 4370 1670 4454 perturbatis’'.
1713 4370 1793 4437 cs.
1842 4374 2037 4436 etiam
2086 4392 2275 4455 supra
2318 4369 2403 4435 52
2454 4372 2549 4447 „si
2606 4368 2785 4457 [quo]
2838 4368 3073 4433 modo”

689 4482 755 4541 et
801 4473 913 4540 111.
969 4474 1056 4539 14
1107 4476 1496 4561 (Aegyptii).
1539 4513 1624 4525 —
1668 4475 1769 4541 Ad
1808 4484 1876 4541 ut
1912 4476 2163 4561 saepius
2210 4478 2553 4561 repetitum
2602 4476 2681 4540 cf.
2734 4473 2911 4541 Orat.
2966 4474 3069 4539 14.
