3436 5161
1356 367 1675 418 nomos.
2552 349 2679 415 421

397 535 452 592 Ε
512 529 677 593 151:
738 530 916 596 ἄλλα
978 536 1180 616 σφεας
1244 534 1415 620 (lege
1477 533 1630 620 σφε)
1693 532 1977 614 κρατερὸς
2032 533 2339 610 Διομήδης
2382 531 2687 616 ἐξενάριξε

831 659 1058 726 nempe
1105 641 1388 706 Abantem
1435 647 1496 707 et
1541 641 1873 726 Pobyidum.

402 749 458 804 K
515 739 676 809 140:
742 745 810 808 ἐκ
871 746 925 812 δ’
975 742 1117 820 ἦλθε
1179 751 1416 823 κλισίης
1479 749 1587 814 καί
1641 734 1848 830 σφεας
1902 746 2047 828 πρὸς
2100 746 2267 836 (lege
2311 756 2436 829 σφε
2483 747 2683 836 προτὶ)

834 855 1018 930 μῦθον
1067 851 1258 920 {reme
1310 875 1538 943 nempe
1585 857 2063 936 Ayamemnonem
2114 860 2179 919 et
2222 855 2547 919 Nestorem.

401 955 622 1024 'l'ertio
656 958 824 1038 1060,
869 962 986 1026 ubi
1033 961 1110 1028 de
1156 962 1401 1030 duobus
1447 962 1785 1028 adhibetur
1831 966 2037 1051 σφεας
2055 1009 2071 1039 ,
2120 979 2245 1028 11011
2290 967 2497 1047 potest
2543 961 2689 1028 sub·

301 1065 500 1129 stitui
546 1071 674 1147 σφε
720 1065 896 1133 salvo
945 1075 1178 1147 metro,
1235 1081 1294 1135 Λ
1349 1067 1474 1134 126
1523 1090 1693 1154 sqq.:
1874 1057 1879 1062 ⁸

742 1177 848 1239 τοῦ
896 1198 1007 1255 περ
1052 1175 1124 1250 δὲ
1170 1175 1272 1243 δύο
1319 1174 1506 1242 παῖδε
1555 1175 1744 1254 ’λάβε
1793 1176 1995 1257 κρείων
2039 1174 2462 1253 ’Λγαμέμνων

745 1280 804 1344 ἐν
852 1281 930 1346 ἓν)
984 1281 1172 1365 δίφρῳ
1218 1281 1413 1357 ἐόντε,
1465 1284 1614 1361 ὁμοῦ
1659 1283 1710 1348 δ’
1762 1279 1905 1363 ἔχον
1952 1282 2141 1355 ὠκέας
2188 1278 2411 1355 ἵππους
2435 1331 2453 1359 ,

744 1389 812 1452 ἐκ
856 1387 984 1470 γάρ
1029 1395 1233 1470 σφεας
1278 1393 1494 1470 χειρῶν
1540 1388 1764 1472 ’φύγον
1814 1389 1951 1466 ἡνία
2001 1388 2403 1467 σιγαλόεντα.

403 1492 674 1559 Videtur
732 1496 938 1582 igitur
993 1501 1168 1578 σφας
1215 1517 1370 1562 esse·
1401 1487 1844 1584 corrigendum
1862 1544 1879 1574 ,
1930 1517 2044 1562 nec
2090 1499 2299 1563 obstat
2346 1497 2690 1582 quicquam

299 1603 658 1685 quominus
701 1603 796 1666 ita
840 1601 1153 1690 legamus.
2538 1595 2545 1606 ⁸

392 1705 592 1782 Quod
637 1707 906 1794 denique
950 1709 1117 1776 binis
1160 1709 1318 1777 10616
1361 1727 1528 1776 Auru
1571 1726 1870 1776 voonmffl
1908 1730 2019 1795 per
2057 1710 2371 1795 synizesin
2410 1726 2687 1792 pronun-

298 1811 616 1879 ciandum
681 1819 776 1879 est
835 1820 1039 1903 omega
1059 1865 1077 1899 ‚
1126 1816 1192 1881 id
1240 1815 1424 1903 plane
1470 1816 1763 1881 abhorret
1808 1836 1846 1880 a
1891 1835 2067 1881 more
2115 1813 2489 1892 Homeri003
2541 1833 2689 1879 cum

299 1938 466 1986 vero
515 1917 843 1984 videamus
889 1923 1224 2008 utrobique
1271 1921 1348 1987 de
1394 1922 1562 1986 binis
1608 1922 1977 1988 hominibus
2023 1922 2131 2009 agi
2149 1969 2166 2000 ,
2214 1920 2378 1987 nihil
2404 1923 2691 2006 superest

303 2026 498 2092 dubii
544 2027 697 2113 quin
743 2028 1021 2111 corrupti
1067 2029 1195 2092 sint
1241 2028 1308 2093 hi
1359 2028 1484 2092 duo
1532 2048 1753 2094 versus
1798 2031 1861 2092 et
1907 2033 2031 2107 σφε
2082 2030 2165 2092 sit
2203 2025 2695 2092 restituendum.

303 2130 502 2208 Quod
545 2131 741 2197 altero
785 2130 924 2198 loco
969 2133 1276 2200 facillime
1321 2139 1527 2219 potest
1572 2136 1861 2211 restitui,
1911 2139 1975 2199 et
2022 2133 2127 2200 vel
2170 2134 2422 2199 restitui
2470 2131 2655 2198 debet
2670 2177 2691 2209 ,

305 2239 618 2326 quoniam
679 2241 745 2304 in
809 2240 1215 2324 sequentibus
1275 2261 1524 2326 quoque
1578 2240 1863 2306 versibus
1909 2239 2117 2306 dualis
2164 2260 2469 2305 numerus
2514 2237 2693 2304 adhi-

308 2347 537 2412 betur:

407 2453 436 2516 0
489 2450 656 2518 315:
750 2454 816 2517 οὐ
882 2451 998 2531 μέν
1057 2460 1263 2535 σφεας
1327 2452 1415 2519 ἔτ’
1474 2451 1672 2520 ἔολπα
1735 2452 1991 2532 μίνυνθά
2051 2477 2133 2532 γε
2189 2451 2445 2531 κειέμεν’
2498 2447 2649 2517 οὕτω
2671 2498 2688 2529 ,

748 2557 854 2625 καὶ
893 2559 1080 2638 μάλα
1125 2584 1239 2643 περ
1285 2559 1608 2643 φιλέοντε·
1654 2559 1814 2642 τάχ’
1860 2561 1965 2626 οὐκ
2011 2559 2361 2634 ἐθελήσετον
2399 2557 2599 2643 ἄμφω

747 2664 968 2745 εὕδειν,
1019 2668 1197 2734 οὶλλοέ
1244 2674 1416 2749 σφωε
1466 2667 1632 2742 δόλος
1683 2668 1789 2733 καὶ
1843 2668 2062 2747 δεσμὸς
2110 2665 2322 2749 ἐρύξει.

411 2774 536 2839 Pro
582 2772 802 2853 εὕδειν,
853 2796 976 2859 quo
1024 2782 1302 2853 metrum
1352 2774 1663 2852 violatur,
1711 2795 1835 2841 non
1884 2773 2135 2851 εὖδέμεν
2158 2794 2289 2839 6666
2312 2772 2690 2860 legendum,

317 2888 394 2947 ut
441 2880 625 2946 hodie
670 2878 779 2965 fit,
825 2881 933 2947 sed
979 2881 1336 2960 εὑδέμεναι,
1385 2880 1565 2947 ἀλλα
1613 2887 1741 2964 σφε
1762 2928 1779 2958 ,
1827 2900 2017 2965 supra
2044 2880 2215 2967 (pag.
2245 2877 2401 2966 412)
2430 2878 2693 2964 probare

315 2988 530 3053 conati
588 3008 843 3073 sumus;
896 2990 1142 3073 primus
1188 2994 1402 3054 autem
1451 3008 1672 3054 versus
1691 3035 1707 3065 ,
1770 2988 1841 3051 in
1886 3007 2010 3071 quo
2059 2986 2390 3073 digamma
2437 2984 2691 3072 neglec-

313 3099 460 3158 tum
529 3096 956 3159 certissimum
1018 3095 1276 3178 praebet
1337 3096 1484 3160 vitii
1541 3093 1851 3159 indicium
1871 3142 1889 3176 ‚
1951 3091 2201 3158 facilem
2270 3092 2431 3158 hanc
2500 3091 2693 3156 habet

311 3198 823 3265 emendationem
841 3222 858 3266 ε

747 3308 814 3373 οὐ
858 3308 975 3385 μὲν
1021 3306 1111 3372 ἔτι
1159 3312 1285 3389 σφε
1331 3306 1588 3373 εέεολπα
1634 3304 1888 3383 μίνυνθά
1935 3329 2015 3382 γε
2062 3303 2321 3385 masma?
2361 3300 2512 3369 οὕτω
2536 3352 2551 3380 ,

314 3416 380 3478 et
428 3412 663 3478 frustra
707 3420 840 3479 erat
886 3414 1215 3480 Nauckius
1261 3435 1410 3480 cum
1456 3434 1567 3499 pro
1607 3411 1692 3478 ἔτ’
1717 3410 1915 3478 ἔολπα
1958 3415 2328 3497 proponeret
2369 3434 2428 3475 τι
2458 3408 2689 3487 ἔολπα,

315 3520 394 3585 (16
441 3526 646 3585 metro
693 3522 902 3607 magis
947 3541 1138 3605 quam
1187 3520 1264 3585 de
1309 3522 1619 3586 sententia
1665 3517 2014 3593 sollicitae,
2072 3538 2221 3583 nam
2268 3512 2357 3580 ἔτι
2404 3534 2529 3580 11011
2575 3532 2687 3600 po-

315 3632 442 3692 test
503 3625 748 3704 deesse,
809 3630 865 3692 si
925 3626 1078 3712 quid
1141 3626 1346 3693 video.
1417 3626 1631 3692 Etiam
1678 3628 1745 3689 in
1790 3626 2002 3691 vicino
2046 3645 2233 3691 versu
2284 3621 2409 3689 271
2464 3622 2541 3687 de
2585 3624 2693 3686 iis-

315 3733 464 3798 dem
530 3732 763 3820 (Marte
808 3738 872 3800 et
930 3732 989 3797 V
980 3734 1178 3803 enen-e)
1240 3731 1482 3798 dictum
1544 3730 1787 3819 legitur
1848 3739 1975 3812 σφε
1996 3778 2012 3807 ,
2064 3736 2137 3795 ut
2176 3747 2365 3815 supra
2411 3727 2693 3793 vidimus

312 3840 489 3926 (pag.
519 3838 696 3925 401).

409 3946 591 4013 Alter
633 3946 810 4013 106116
855 3968 1046 4032 quem
1096 3947 1282 4013 modo
1327 3946 1616 4011 dicebam
1663 3950 1837 4009 extat
1880 3968 1911 4025 ρ
1954 3942 2124 4010 2121

747 4052 888 4119 ἔνθα
927 4060 1133 4135 σφεας
1174 4053 1417 4135 ἐκίχαν’
1444 4048 1576 4137 (vel
1603 4049 1841 4135 ἔκιχεν)
1882 4050 2007 4122 υἱὸς
2033 4048 2271 4113 Δολίοιο
2293 4046 2689 4127 Μελανθεύς,

315 4178 544 4243 nempe
590 4158 906 4224 Eumaeum
954 4166 1018 4225 et.
1077 4160 1332 4241 Ulyxem.
1381 4158 1440 4223 N
1444 4158 1707 4223 auckius
1749 4155 1999 4223 mavult
2046 4156 2335 4236 ἐκίχανεν
2353 4202 2369 4233 ,
2417 4159 2482 4220 et
2525 4160 2695 4220 recte

312 4264 627 4349 profecto,
693 4267 750 4330 si
806 4273 1010 4355 σφεας
1058 4285 1285 4329 sanum
1327 4270 1422 4329 est
1469 4268 1532 4328 et
1585 4264 1739 4328 bene
1784 4262 1977 4329 habet
2020 4261 2465 4346 imperfectum
2514 4260 2691 4347 uerbi

316 4389 429 4455 pro
476 4370 740 4451 aorist03
790 4373 887 4436 6111
935 4374 1183 4447 111111116,
1235 4369 1379 4435 vide
1433 4390 1507 4435 an
1556 4368 1712 4434 haec
1760 4373 2035 4454 praestet
2081 4367 2305 4435 lectio:

747 4473 862 4539 ἔνθ’
912 4474 1033 4557 ἄρα
1085 4476 1152 4549 δὴ
1204 4475 1384 4557 ἕκίχη
1433 4484 1558 4557 σφε
1604 4474 1726 4547 υἱὸς
1780 4484 1859 4540 Δ.
1910 4480 2000 4539 Μ.
