3436 5161
667 394 756 462 22
1665 414 2063 465 unnonows.

667 587 1046 666 usurpatum
1115 581 1356 646 videbis
1415 600 1528 666 pro
1589 580 1929 664 έκδιῶκειν,
1994 580 2163 666 quod
2226 580 2651 666 compositum
2714 580 2784 644 in
2839 584 3051 645 nostra

665 686 976 753 Herodoti
1021 690 1379 753 recensione
1427 700 1641 754 extare
1686 708 1813 753 non
1862 686 2139 753 videtur.

758 902 834 969 V.
899 902 985 969 73
1041 901 1146 967 κα)
1195 912 1290 981 xii
1337 910 1458 980 γῆς
1508 900 1825 977 οἰκημένοι.
1900 900 2109 967 Immo
2158 905 2291 966 κοῦ
2340 906 2498 979 γῆς,
2550 905 2624 965 ut
2670 907 2839 965 recte
2882 898 3049 987 legi-

666 1014 774 1073 tur
841 1028 977 1095 cap.
1055 1006 1136 1073 13
1207 1010 1366 1078 τίνες
1439 1008 1509 1082 331
1563 1046 1642 1056 —
1683 1010 1807 1073 εἰσι
1880 1012 1980 1072 καὶ
2059 1012 2163 1072 κοῦ
2236 1018 2357 1087 γῆς
2426 1008 2746 1085 οἷκιιμένοι.
2819 1008 2907 1072 Η.
2972 1015 3047 1087 κῆ

667 1112 883 1181 eodem
931 1135 1119 1181 sensu
1163 1120 1427 1200 usurpat
1473 1135 1597 1201 quo
1644 1114 2062 1181 Athenienses
2108 1120 2221 1179 κοῒ.

756 1326 832 1391 V.
883 1322 972 1393 '76
1019 1320 1185 1397 οὗτος
1225 1325 1253 1390 ὃ
1301 1323 1479 1396 ςόλος
1527 1324 1628 1389 ἐπὶ
1673 1324 1895 1401 Κόδρου
1932 1323 2375 1403 βασιλεύοντος
2416 1324 2747 1399 Ἀθηναίων
2775 1328 2944 1407 ὀρθῶς
2972 1326 3049 1393 ἂν

667 1433 968 1497 καλέοιτο.
1053 1432 1423 1497 Exscribere
1483 1430 1661 1496 lubet
1724 1452 1885 1516 quae
1951 1431 2029 1497 de
2092 1432 2211 1497 hoc
2268 1430 2407 1497 loco
2464 1452 2719 1498 mecum
2767 1434 2833 1497 in
2882 1453 3050 1498 com-

663 1536 1061 1603 mentariolis
1113 1540 1273 1603 meis
1329 1536 1488 1603 olim
1534 1536 1898 1623 disputavi:
1946 1534 2143 1601 Sum
2193 1535 2457 1613 „Dieser
2502 1536 2645 1625 Zug
2694 1538 2841 1603 dari*
2880 1538 3050 1605 wohl

664 1643 760 1709 als
821 1651 1008 1709 unter
1055 1644 1168 1710 der
1211 1642 1584 1731 Regiorung
1631 1644 1742 1709 des
1788 1642 2037 1709 Kodros
2082 1641 2439 1729 geschehen
2488 1643 2853 1711 bezeichnet
2900 1666 3049 1710 wer-

662 1749 850 1817 den.”
934 1748 1006 1815 Si
1065 1748 1220 1815 haec
1281 1770 1500 1816 revera
1559 1755 1656 1815 est
1715 1748 2025 1815 Herodoti
2087 1768 2306 1832 mens,
2378 1750 2783 1816 scribendum
2856 1751 3051 1817 fuerit

661 1852 832 1926 οὗτος
879 1855 908 1920 ὃ
955 1854 1170 1927 στόλος
1217 1856 1246 1920 ὃ
1298 1855 1397 1920 ἐπὶ
1447 1854 1666 1934 Κόδρου
1717 1856 1889 1932 ὀρθῶς
1928 1853 2008 1918 ἂν
2048 1854 2350 1919 καλέοιτο.
2398 1854 2541 1921 Non
2579 1859 2788 1944 magis
2828 1858 3045 1923 abesse

661 1967 872 2046 potest
917 1967 1030 2028 aut
1075 1961 1384 2028 articulus
1427 1967 1541 2026 aut
1583 1962 1996 2047 participium
2044 1960 2233 2046 quale
2278 1967 2375 2026 est
2419 1962 2744 2039 γενόμενος
2766 2012 2785 2046 ,
2834 1964 2888 2029 si
2934 1964 3047 2029 ad-

659 2070 987 2131 mittimus
1029 2067 1268 2133 Naberi
1309 2069 1738 2133 coniecturam
1781 2065 1951 2144 ὄρθῶς
1995 2068 2353 2146 <mibi-oc>
2394 2066 2473 2131 ἂν
2500 2068 2801 2133 καλέοιτο.
2840 2069 3047 2155 [Idem

661 2174 859 2239 sensit
907 2170 1220 2257 Cebetas,
1269 2174 1424 2237 satis
1472 2170 1773 2237 audacter
1816 2171 1950 2237 Mn.
2000 2172 2133 2237 XII
2179 2195 2243 2258 p.
2275 2172 2402 2238 142
2450 2177 2768 2261 corrig-ens
2806 2170 2977 2248 οὗτος
3018 2176 3046 2239 ὅ

659 2276 837 2350 τέλος
883 2316 976 2331 --·
1024 2280 1412 2358 <γενόμενος
1459 2279 1753 2359 mciii-04>
1802 2280 1971 2357 ὀρθῶς
2020 2277 2095 2343 ἂν
2146 2280 2486 2364 καλέοιτο].
2556 2278 2725 2360 Quid
2765 2300 2952 2364 vero,
2990 2282 3049 2345 si

658 2388 1188 2469 interpretamur:
1253 2390 1398 2450 Ιιοοο
1457 2385 1751 2468 expeditio
1814 2403 1853 2449 a
1904 2381 2109 2451 Codro
2157 2405 2307 2471 rege
2351 2384 2845 2452 Atheniensium
2864 2434 2883 2463 ‚
2922 2387 2967 2450 i.
2993 2404 3047 2451 e.

661 2514 701 2556 a
775 2489 960 2556 Codri
1021 2512 1200 2572 rayno
1260 2491 1434 2574 (uam
1501 2493 1598 2556 sin
1657 2492 1877 2556 minus
1940 2490 2219 2557 Graecus
2280 2512 2489 2557 sermo
2550 2494 2899 2577 requireret
2941 2497 3047 2557 τοῦ

659 2596 1130 2682 βασιλεύοντος)
1175 2601 1381 2662 merito
1427 2619 1632 2662 nomen
1679 2594 1981 2681 acmffint?
2043 2597 2369 2664 Herodoto
2417 2602 2589 2664 enim
2630 2597 2793 2664 nihil
2834 2601 3049 2664 tritius

663 2711 758 2770 est
819 2724 1011 2788 quam
1075 2705 1444 2780 καλέεσθαι,
1508 2705 1838 2786 κληθῆναι,
1911 2705 2282 2788 κεκλῆσθαι,
2352 2704 2581 2780 οὕνομα
2654 2704 2865 2785 ἔχειν,
2936 2708 3045 2778 τὴν

664 2809 1005 2885 ἐπωνυμίην
1061 2809 1366 2874 ποιέεσθαι
1433 2806 1694 2895 (ἔχειν),
1759 2807 2045 2886 γενέσθαι
2114 2815 2180 2874 et
2222 2809 2467 2874 similia
2514 2810 2650 2876 ἔοι-Ι
2696 2833 2888 2894 τινος,
2938 2811 3051 2875 ubi

662 2917 997 3000 scriptores
1056 2917 1259 2980 Attici
1321 2922 1630 3001 usurpant
1694 2916 2227 2999 praepositionem
2290 2914 2438 2980 ἀοι-θ.
2528 2914 2625 2982 cf.
2686 2915 3046 3005 Schweigh.

664 3020 819 3086 Lex.
866 3042 930 3086 v.
980 3021 1104 3086 ἐπί.
1176 3021 1274 3086 Ab
1320 3019 1440 3085 hac
1485 3021 2003 3105 interpretatione
2049 3041 2241 3107 prope
2286 3021 2509 3102 abfuit⁸
2540 3019 2823 3088 Steinius
2861 3042 3048 3090 anno-

665 3129 895 3194 tationi
939 3145 1092 3193 snae
1135 3125 1530 3214 subiungens
1579 3127 1775 3194 verba
1820 3125 2148 3204 „Deutsch
2194 3131 2360 3194 etwa
2404 3127 2846 3211 anm-2209?

757 3337 833 3404 V.
901 3336 985 3406 '7'7
1050 3339 1118 3404 ἐκ
1173 3337 1433 3418 τειχέων
1495 3338 2186 3420 περιπεΦλΕΤσμένων.
2257 3337 2497 3406 Iniuria
2570 3339 3051 3410 Valckenaerius

664 3445 1027 3530 requirebat
1079 3444 1748 3523 περιπεφλοῑσμένων.
1835 3444 2004 3511 Nam
2075 3445 2487 3528 περιφλοίζειν
2537 3449 2809 3514 verbum
2859 3445 3053 3518 Grae·

666 3573 815 3618 cum
877 3572 1002 3617 non
1063 3559 1194 3636 est,
1258 3559 1323 3617 et
1386 3552 1838 3636 τεριφλοΐζειν,
1887 3551 2053 3618 unde
2102 3553 2551 3632 περιφλοῖσμθς
2601 3555 2795 3621 habet
2841 3553 3049 3621 'Pheo-

667 3658 998 3745 phrastus‚
1059 3657 1301 3744 gaudet
1360 3659 1616 3722 notione
1682 3657 1964 3721 multum
2028 3657 2300 3723 diversa.
2372 3657 2511 3724 Hoc
2559 3680 2761 3724 unum
2805 3659 3053 3748 ambigi

665 3763 896 3850 possit,
960 3771 1180 3828 utrum
1229 3763 1334 3828 hic
1390 3763 1836 3850 corrigendum
1886 3765 1971 3829 sit
2018 3763 2628 3844 περιπεφλτσμένων
2677 3786 2756 3831 an
2804 3763 3053 3832 Aristo·

668 3871 863 3956 pbani
900 3869 1110 3935 Nubb.
1159 3867 1290 3932 395
1329 3890 1456 3935 una
1493 3872 1730 3934 inserta
1768 3867 2027 3935 literula
2066 3870 2452 3935 reddendum
2493 3875 2578 3936 sit
2610 3873 3046 3956 περιφλ(ε)ύει.

668 3973 760 4041 Ut
819 3975 939 4041 hoc
983 3995 1108 4040 non
1154 3975 1321 4040 illud
1369 3975 1617 4040 credam
1667 3975 1824 4041 facit
1868 3996 2019 4042 cum
2070 3983 2417 4063 cognatum
2467 3978 2733 4044 verbum
2784 3978 3051 4055 Φλέγειν

669 4085 811 4145 tum
861 4083 1232 4164 praesertim
1281 4079 1448 4164 quod
1493 4081 1764 4145 verbum
1811 4079 2085 4165 simplex
2136 4083 2359 4161 φλύειν
2404 4082 2593 4170 longe
2641 4082 2768 4149 alia
2812 4083 3056 4171 gaudet

669 4189 947 4252 notione.
1018 4185 1334 4250 Similiter
1379 4193 1595 4251 autem
1647 4186 1797 4253 libri
1843 4189 2089 4251 variare
2140 4187 2345 4252 solent
2391 4191 2459 4253 in
2509 4197 2741 4267 Φυγεῖν
2788 4197 2852 4255 et
2900 4191 3054 4268 Φεύ-

672 4315 842 4371 γειν,
891 4290 1170 4373 ἄφυκτος
1217 4298 1282 4358 et
1327 4289 1679 4376 ἄφευκτος,
1730 4291 1950 4365 τυκτός
1998 4300 2063 4359 et
2108 4292 2360 4366 τευκτδς
2384 4344 2401 4372 ,
2452 4295 2770 4379 νυστάζειν
2812 4301 2877 4362 et
2916 4319 3052 4361 νευ-

673 4397 960 4482 στάζειν,
1008 4397 1170 4466 aliis·
