3436 5161
1333 378 1608 428 ruvme
1650 377 1991 426 sosarnus.
2724 361 2855 427 383

465 540 548 618 τῷ
614 540 838 613 ἑαυτῆς
859 589 880 618 ,
947 541 1355 609 διακονεῖσθαί
1415 567 1487 609 τε
1551 543 1656 625 ἐφ’
1703 537 1788 614 οἷς
1848 541 2361 622 προσεκαλούμην
2406 544 2514 609 οὐκ
2562 543 2850 617 ἐνέλιπες.

467 644 589 712 Sed
653 647 964 712 scribam:
1029 645 1073 714 ἀ
1090 675 1140 726 μ
1159 674 1201 714 α
1265 674 1389 729 μοι.
1464 647 1769 716 Ceterum
1833 649 2001 734 quod
2048 649 2127 714 ad
2174 651 2381 734 ipsam
2426 649 2713 716 fabulam
2760 657 2857 717 at-

463 754 657 831 tinet,
704 773 830 820 non
875 753 1186 820 dissimile
1233 762 1329 822 est
1379 757 1546 843 quod
1591 756 1833 842 legitur
1880 759 1951 820 in
1987 754 2327 822 Aeschinis
2366 777 2527 842 quae
2564 757 2856 824 feruntur

467 857 762 942 epistulis
819 880 1128 947 saepeque
1143 911 1163 946 ‚
1227 865 1450 948 opinor
1473 913 1490 942 ,
1562 861 1827 929 delubra
1882 867 2017 928 tam
2064 861 2499 928 fraudulentos
2546 870 2859 930 amatores

467 963 772 1030 celarunt.

555 1175 778 1262 Antiq.
832 1176 936 1244 18.
989 1177 1050 1243 4.
1105 1182 1178 1264 1,
1244 1181 1591 1267 supplebo:
1656 1181 1803 1262 ἀνὴρ
1862 1181 1925 1244 ἐν
1984 1180 2173 1262 ὀλίγῳ
2222 1179 2443 1266 (λόγῳ)
2502 1182 2572 1247 τὸ
2633 1183 2855 1262 ψεῦδος

462 1283 794 1362 τιθέμενος.
852 1284 1086 1370 'Antiq.
1145 1285 1248 1352 18.
1299 1287 1362 1352 4.
1415 1284 1492 1372 3,
1559 1289 1758 1353 miror
1820 1287 1948 1352 dici
2008 1285 2095 1350 τὰ
2159 1285 2307 1360 τέλη
2356 1293 2473 1352 τῶν
2522 1288 2855 1367 ὠνουμέ-

464 1415 603 1456 νων
649 1397 928 1470 καρπῶν,
976 1413 1102 1458 non
1149 1393 1734 1473 πωλουμένων,
1798 1392 1909 1460 sed
1955 1393 2167 1480 magis
2214 1413 2320 1457 me
2366 1393 2645 1464 advertit
2688 1393 2857 1480 quod

462 1502 605 1582 post
651 1500 964 1585 exiguum
1009 1498 1422 1566 intervallum
1477 1503 1787 1586 sequitur.
1848 1498 2109 1568 Vestem
2160 1497 2615 1565 sacerdotalem
2662 1520 2856 1566 asser·

463 1602 656 1668 vebat
719 1602 1004 1670 Herodes
1063 1607 1131 1670 in
1178 1606 1342 1670 turri
1390 1606 1689 1672 Antonia.
1767 1608 2025 1680 Δῆθεν
2073 1604 2146 1669 δὲ
2194 1603 2497 1682 ἔπρασσεν
2544 1601 2722 1682 ὅμοια
2769 1608 2854 1686 τῷ

465 1711 726 1791 Ἡρώδη,
793 1711 906 1796 qui
966 1714 1134 1796 patri
1195 1715 1502 1778 successit
1566 1711 1743 1778 filius
1806 1710 2179 1777 Archelaus.
2252 1709 2417 1776 Cum
2473 1710 2640 1777 illud
2682 1711 2854 1786 δῆθεν

461 1817 808 1900 absurdum
871 1819 957 1882 sit-
974 1867 991 1900 ‚
1057 1819 1125 1882 in
1187 1818 1332 1884 aliis
1399 1819 1723 1884 codicibus
1786 1817 2033 1884 librarii
2078 1823 2430 1903 utcumque
2475 1823 2854 1904 potuerunt,

463 1922 676 1988 locum
747 1942 1068 1989 correxere
1131 1944 1359 2010 eosque
1421 1924 1755 1990 Bekkerus
1818 1928 2075 1989 secutus
2133 1929 2259 2000 est3
2330 1923 2438 1989 sed
2496 1923 2691 2003 latet,
2754 1928 2855 1991 uti

462 2030 767 2109 arbitror,
819 2031 888 2094 ’E
909 2031 1080 2095 νθέν
1101 2032 1201 2096 δε.
1266 2031 1508 2097 Deinde
1558 2032 1714 2116 quid
1760 2031 2003 2097 factum
2050 2033 2137 2096 sit
2182 2051 2381 2116 usque
2426 2031 2506 2096 ad
2554 2051 2852 2117 procura·-

463 2141 669 2202 torem
733 2134 1072 2201 Vitellium
1131 2143 1425 2203 narrat'ur
1485 2137 1586 2203 his
1648 2136 1893 2203 verbis:
1950 2137 2117 2202 ἑπτὰ
2167 2136 2229 2201 δὲ
2279 2135 2535 2217 ἡμέραις
2582 2137 2693 2217 πρὸ
2740 2145 2851 2212 τῆς

463 2241 664 2323 ἑορτῆς
689 2289 706 2320 ,
769 2242 1089 2308 ἀπεδίδοτο
1154 2245 1359 2315 αὐτοῖς
1409 2243 1528 2308 ὑπὸ
1577 2247 1686 2308 τοῦ
1729 2242 2151 2324 Φρουράρχου,
2203 2242 2307 2308 καὶ
2357 2243 2855 2325 ἀγνισθείσῃ

461 2347 851 2429 χρησάμενος
903 2348 932 2413 ὃ
981 2351 1299 2431 ἀρχιερεὺς
1363 2349 1532 2427 μετὰ
1592 2349 1749 2427 μίαν
1807 2355 1918 2422 τῆς
1984 2349 2184 2429 ἑορτῆς
2245 2348 2477 2428 ἡμέραν
2524 2349 2850 2415 ἀπετίθετο

462 2449 628 2528 αὖθις
693 2457 778 2528 εἷς
844 2455 946 2522 τὸν
1011 2450 1164 2520 οἷκον
1185 2503 1201 2533 ,
1260 2452 1408 2537 ᾗπερ
1460 2452 1652 2520 ἔκειτο
1699 2455 1999 2535 πρότερον.
2070 2453 2214 2521 Non
2259 2461 2466 2521 vestes
2512 2456 2680 2541 apud
2729 2455 2767 2521 J
2772 2477 2848 2522 u-

461 2561 681 2641 daeos,
731 2561 840 2629 sed
887 2560 1174 2629 Nasiraei
1221 2561 1577 2643 ἀγνίζονται
1594 2609 1612 2640 ,
1661 2561 1830 2647 quod
1878 2562 2075 2627 etiam
2123 2558 2474 2628 Christiani
2516 2567 2753 2627 norunt
2774 2584 2852 2629 ex

459 2668 608 2736 Act.
677 2668 902 2755 Apost.
965 2670 1048 2735 21
1119 2672 1340 2754 itaque
1398 2668 1595 2754 probo
1643 2667 2024 2746 ἀγνισθεί
2041 2693 2095 2738 ς.
2143 2666 2267 2733 Sed
2320 2672 2605 2733 remanet
2652 2670 2851 2735 etiam

460 2773 636 2840 aliud
697 2777 958 2841 vitium.
1030 2774 1211 2855 Quod
1259 2776 1578 2860 vidimus,
1638 2774 1753 2840 ubi
1806 2795 1964 2859 opus
2009 2780 2182 2852 erat,
2230 2773 2612 2839 reddebatur
2656 2778 2853 2841 vestis

461 2880 746 2967 pontifici
795 2882 909 2947 ὑπὸ
959 2886 1064 2945 τοῦ
1110 2880 1495 2963 φρουράρχου
1515 2929 1532 2959 ,
1577 2884 1682 2947 cui
1717 2882 1912 2947 turris
1936 2902 2087 2947 cura
2112 2866 2453 2946 commissa
2476 2886 2611 2946 erat
2634 2902 2855 2965 quem-

461 3009 582 3075 que
627 2987 994 3053 Romanum
1043 2988 1237 3053 fuisse
1286 2992 1570 3073 apparet.
1618 2986 1919 3053 Ceterum
1962 2986 2403 3053 asservabatur
2438 2986 2497 3049 ἐν
2524 2984 2661 3066 οἴκῳ
2686 2987 2850 3053 λίθου

459 3094 892 3171 οἰκοδομηθέντι
960 3092 1076 3159 ὑπὸ
1137 3094 1442 3174 σφραγῖδι
1509 3096 1627 3157 τῶν
1685 3117 1757 3157 τε
1806 3093 2003 3172 ἱερέων
2052 3092 2156 3157 καὶ
2203 3097 2320 3157 τῶν
2365 3091 2855 3175 γαζοφυλάκων,

458 3200 946 3267 Accendebatur
1006 3206 1334 3286 praeterea
1393 3200 1678 3285 quotidie
1742 3198 2000 3265 lumen:
2051 3203 2155 3263 τοῦ
2206 3198 2733 3282 φρουράρχου
2782 3201 2852 3267 τὸ

459 3306 567 3385 ἐφ’
619 3307 846 3386 ἡμέραν
897 3306 1123 3382 έκάςην
1169 3306 1399 3388 λύχνον
1446 3303 1776 3379 ἅπτοντος.
1851 3306 2127 3371 Dedecet
2180 3306 2298 3371 hoc
2346 3305 2612 3372 Romuli
2656 3329 2851 3396 nepo-

457 3420 592 3500 tes3
637 3435 762 3480 non
806 3414 1187 3495 φρούραρχος
1238 3412 1459 3479 lumen
1508 3413 1924 3491 accendebat,
1972 3411 2080 3478 sed
2127 3411 2491 3493 φρουρός.

551 3630 772 3716 Antiq.
829 3627 930 3694 18.
983 3628 1048 3695 5.
1097 3628 1175 3695 3:
1227 3628 1388 3702 ἐντὸς
1441 3629 1658 3694 ἑκατὸν
1705 3626 1853 3693 ἐτῶν
1904 3626 2216 3705 ἐξόδου,
2256 3626 2481 3705 συνέβη
2525 3620 2686 3700 πλὴν
2727 3627 2851 3693 bat-

457 3760 584 3816 γων
631 3736 1042 3816 διαφθαρῆναι
1089 3735 1229 3807 τοὺς
1279 3734 1536 3816 Ἡρώδου
1585 3733 1944 3813 ἀπογόνους.
2022 3732 2165 3799 Non
2224 3733 2445 3799 scribit
2500 3732 2848 3817 Josephus,

459 3842 536 3909 de
605 3842 872 3909 Herodis
933 3841 1186 3908 familia
1243 3847 1528 3927 tempore
1572 3840 1931 3906 Domitiani
1980 3860 2211 3925 paucos
2258 3859 2394 3905 esse
2440 3840 2813 3923 superstites
2831 3885 2849 3916 ‚

457 3949 568 4015 sed
625 3954 880 4014 tantum
941 3966 1066 4013 non
1129 3968 1348 4014 omnes
1398 3949 1658 4033 periisse
1673 3967 1690 4026 3
1745 3947 1962 4013 odorat
2008 3948 2179 4011 enim
2229 3943 2591 4032 Agrippam
2641 3946 2849 4010 mino-

453 4077 592 4121 rem
611 4104 630 4140 ,
693 4058 798 4121 cui
857 4054 1100 4121 Romae
1167 4059 1421 4121 coactus
1485 4052 1866 4120 adulabatur
1884 4102 1902 4136 ,
1970 4072 2359 4138 quamquam
2410 4072 2479 4117 se
2522 4049 2849 4117 interdum

455 4180 579 4227 non
642 4164 958 4246 continet,
1021 4159 1228 4227 veluti
1292 4160 1512 4245 Antiq.
1585 4158 1684 4225 17.
1754 4158 1817 4225 2.
1868 4156 1933 4226 2.
2006 4156 2245 4223 Verum
2312 4158 2465 4242 quid
2524 4163 2620 4223 est
2680 4156 2847 4230 ἐντὸς

459 4266 677 4333 ἑκατὸν
725 4267 871 4332 έτῶν
919 4264 1244 4345 senon?
1313 4266 1540 4333 Nonne
1584 4286 1811 4334 vorum
1860 4268 1958 4331 est
2005 4263 2093 4329 δι’
2142 4258 2369 4329 buon?
2446 4264 2453 4271 ’

549 4480 693 4547 Non
738 4499 898 4566 opus
943 4483 1039 4545 est
1086 4480 1386 4565 cuiquam
1435 4478 1863 4546 demonstrare
1902 4436 2161 4544 coni-'use
2202 4477 2474 4545 scribere
2496 4476 2535 4543 J
2538 4476 2849 4563 osephum
