3436 5161
648 360 783 428 180
1188 460 1195 465 ,
1598 376 1685 424 An
1731 376 2080 425 munuum

646 542 872 611 affectu
934 564 1173 612 vacuus
1230 548 1297 609 et
1358 542 1613 609 sedatus
1676 541 2080 608 contenderet
2139 560 2266 606 non
2321 542 2656 607 convenire
2715 541 2883 607 inter
2925 562 2996 607 se
3011 590 3028 619 ,

644 670 760 715 nec
820 653 1037 716 tamen
1086 649 1317 715 desinit
1364 668 1499 737 esse
1544 654 1732 733 poeta
1745 668 1762 727 ;
1819 647 2010 714 modo
2055 652 2239 731 vota,
2288 650 2637 713 sententiae
2655 698 2671 723 ‚
2721 648 3037 714 exclama·

643 758 849 822 tiones
868 803 883 833 ,
934 758 1192 822 omnino
1238 754 1549 841 quidquid
1596 754 1834 819 dicitur
1881 774 1959 819 ex
2005 773 2134 820 uno
2179 754 2528 839 eodemque
2569 754 2768 819 animi
2807 753 3038 821 affectu

643 860 1141 947 proficiscantur.
1204 860 1337 928 Nec
1383 861 1503 927 hoc
1549 860 1845 946 prohibet
1861 906 1876 933 .
1925 862 2267 945 quominus
2305 880 2432 925 una
2469 866 2684 926 tamen
2723 861 3039 925 sententia

640 970 709 1033 in
770 973 905 1034 toto
966 969 1247 1033 carmine
1306 967 1687 1033 dominetur.
1769 965 2055 1031 Dubium
2120 986 2227 1032 me
2269 964 2482 1031 iudice
2527 986 2652 1032 non
2699 970 2794 1032 est
2811 1013 2830 1050 ,
2877 965 3036 1050 quin

648 1072 914 1141 17-34
958 1073 1352 1140 cohaereant.
1424 1071 1643 1159 Siquis
1680 1094 1746 1139 v.
1789 1070 1874 1137 35
1915 1083 1982 1135 at
2026 1074 2408 1157 pertinacius
2453 1071 2836 1149 defenderit,
2865 1058 3036 1135 'huic

644 1186 862 1247 auctor
912 1201 1095 1265 sum,
1161 1185 1236 1245 ut
1299 1200 1365 1245 v.
1436 1177 1708 1244 35-40
1779 1182 2110 1264 tamquam
2183 1178 2618 1266 fragmentum
2689 1178 3036 1263 separatim

645 1307 684 1352 a
728 1284 817 1351 34
878 1292 943 1352 et
1006 1285 1089 1349 41
1166 1284 1652 1370 exprimendum
1721 1290 1938 1362 curet,
2003 1283 2113 1350 sed
2174 1284 2436 1349 habebit
2497 1285 2590 1349 sic
2653 1282 3036 1369 particulam

644 1398 883 1459 temere
940 1390 1237 1457 alicunde
1296 1391 1635 1457 abscissam
1657 1440 1675 1474 ,
1738 1409 1898 1476 quae
1943 1390 2072 1456 huc
2117 1390 2280 1456 forte
2326 1390 2581 1456 fortuna
2625 1390 3032 1456 aberraverit·

642 1500 769 1566 Illa
816 1499 893 1565 de
937 1497 1185 1564 Venere
1224 1516 1383 1582 quae
1425 1496 1726 1561 dicuntur
1766 1498 2086 1582 pertinent
2126 1495 2206 1562 ad
2247 1495 2598 1562 Adonidem
2622 1546 2639 1580 ‚
2681 1500 2794 1561 aut
2830 1493 3034 1561 alium

646 1604 961 1691 quendam
1024 1624 1294 1689 puerum
1316 1650 1331 1680 ,
1392 1604 1503 1688 qui
1568 1610 1750 1667 metu
1811 1600 2036 1687 plenus
2093 1604 2164 1666 in
2211 1604 2423 1667 sinum
2467 1600 2738 1667 Veneris
2781 1600 3038 1689 fugerat

646 1717 712 1778 et
758 1712 836 1777 ab
882 1711 999 1776 hac
1044 1711 1317 1775 fovetur.
1387 1709 1615 1793 Itaque
1660 1708 1926 1774 defendo
1971 1708 2137 1773 tima
2176 1712 2242 1774 et
2279 1707 2534 1775 conserit
2568 1728 2632 1775 v.
2673 1706 2760 1772 :35
2785 1706 3038 1794 (Venus

646 1818 894 1885 invenit
937 1834 1133 1901 puero
1176 1815 1623 1899 concumbere)

1014 1922 1171 1986 dum
1219 1922 1409 1985 timet
1454 1925 1519 1985 et
1566 1926 1811 1986 teneros
1857 1923 2132 1986 conserit
2178 1939 2378 2006 usque
2423 1921 2600 1986 sinus
2619 1966 2635 1996 ‚

651 2028 765 2094 alii
812 2034 992 2092 immet
1009 2075 1027 2112 ,
1075 2048 1403 2103 con-serere,
1452 2026 1563 2091 alii
1604 2028 1849 2093 maiora
1888 2027 2086 2092 etiam
2133 2025 2522 2104 moliuntur;
2571 2030 2790 2093 contra
2833 2048 2896 2093 v.
2945 2024 3031 2091 39

647 2133 947 2221 perplexa
990 2134 1305 2198 sententia
1346 2136 1441 2197 est
1462 2182 1480 2206 ,
1530 2131 1763 2198 melior
1807 2133 1963 2197 haec
1999 2138 2162 2199 esset
2201 2134 2616 2198 conformatio
2655 2133 3030 2201 verborum:

646 2261 771 2306 non
828 2238 994 2324 lapis
1012 2285 1028 2317 ‚
1090 2258 1214 2303 non
1276 2257 1539 2325 gemma
1596 2236 1906 2303 Venerem
1969 2239 2196 2304 iuvant
2245 2261 2393 2315 „nec
2431 2241 2666 2326 frigore
2711 2238 2846 2304 sola
2889 2239 3033 2305 dor-

649 2348 814 2412 miat
858 2350 925 2411 et
960 2343 1127 2409 nulli
1160 2344 1246 2409 sit
1284 2344 1595 2430 cupienda
1634 2343 1826 2421 viro'',
1868 2345 1935 2408 in
1980 2346 2212 2429 quibus
2251 2367 2360 2411 nec
2397 2346 2515 2409 ulli
2549 2365 2676 2410 non
2704 2350 2800 2411 est
2821 2365 3034 2411 neces-

648 2453 923 2517 sarium:
992 2448 1167 2527 „sola
1227 2449 1463 2515 dormit
1520 2456 1585 2515 et
1630 2449 1797 2515 nulli
1847 2454 1942 2516 est
1983 2436 2292 2536 cupienda
2337 2450 2518 2518 viro”
2569 2450 2641 2517 fit
2685 2473 2798 2539 per
2839 2472 3033 2539 nega-

648 2559 926 2624 tionem:
990 2575 1156 2634 „non
1217 2554 1331 2622 illa
1396 2553 1530 2622 sola
1586 2555 1864 2622 dormiat
1926 2560 1991 2622 et
2049 2555 2215 2622 nulli
2276 2558 2363 2622 sit
2423 2554 2524 2623 c.”
2609 2558 2695 2622 Et
2757 2595 2841 2608 —
2905 2560 3032 2624 m'ro

646 2662 969 2749 explicant
1014 2663 1301 2748 proxime
1341 2664 1664 2756 superiora
1682 2714 1701 2738 ,
1744 2681 1869 2728 non
1909 2662 2332 2748 adaequatum
2375 2666 2684 2748 superiori
2709 2666 3030 2730 continent

646 2769 1031 2835 membrum.
1095 2769 1152 2832 A
1210 2789 1351 2845 neo,
1414 2789 1601 2853 neque
1664 2769 1971 2834 transitur
2029 2767 2218 2834 facile
2279 2770 2620 2835 omissione
2666 2769 3030 2836 litterarum

646 2874 723 2940 ad
772 2896 884 2958 que
927 2895 1098 2957 quac.
1167 2869 1293 2938 Sed
1340 2872 1419 2938 de
1464 2873 1585 2939 hoc
1630 2872 1942 2959 quidquid
1987 2873 2312 2940 videbitur
2331 2921 2349 2951 ,
2397 2874 2564 2940 illud
2609 2897 2796 2942 nemo
2842 2898 3032 2963 nega-

644 2980 743 3045 bit
780 2981 1085 3044 iniuriam
1130 2977 1379 3044 nullam
1428 2976 1565 3043 fieri
1606 2983 1827 3063 poetae
1865 2984 1932 3043 et
1971 2977 2480 3045 emolumentum
2521 2983 2728 3066 parari
2751 2980 3029 3069 legenti,

646 3087 701 3151 si
738 3085 975 3163 editor,
1019 3084 1133 3149 ubi
1180 3083 1497 3148 defectum
1540 3083 1975 3150 cohaerentiae
2014 3085 2484 3153 animadvertat
2502 3136 2519 3171 ‚
2566 3089 2702 3152 eius
2749 3087 3032 3153 defectus

641 3191 953 3256 indicium
1002 3188 1258 3275 aliquod
1303 3188 1431 3254 det.
1504 3187 1824 3255 Similiter
1869 3190 1950 3256 61.
2003 3194 2044 3256 4
2091 3197 2235 3276 post
2278 3214 2343 3259 v.
2397 3192 2481 3258 14
2521 3193 2813 3260 lacunam
2852 3201 3031 3259 notae

643 3317 779 3362 rem
802 3343 819 3373 ,
870 3297 926 3359 si
972 3294 1137 3358 mihi
1184 3292 1479 3359 Tibullus
1516 3300 1681 3360 esset
1729 3295 2027 3361 edendus.
2093 3293 2556 3382 Complectitur
2597 3298 2864 3365 subinde
2904 3319 3029 3364 una

644 3401 851 3488 elegia
906 3401 974 3464 in
1034 3398 1356 3465 codicibus
1414 3399 1540 3465 duo
1604 3406 1718 3468 aut
1763 3405 1887 3468 tria
1935 3405 2219 3468 carmina
2267 3410 2378 3468 aut
2423 3405 2820 3493 fragmenta.
2868 3425 3030 3491 quae

642 3506 721 3572 ad
784 3503 1051 3570 eandem
1111 3524 1247 3569 rem
1308 3506 1625 3588 pertinent
1686 3512 1750 3570 et
1808 3513 2138 3592 propterea
2203 3509 2386 3574 iuxta
2433 3512 2638 3594 posita
2687 3512 2918 3575 iniuria
2960 3512 3029 3574 in

638 3630 844 3676 unum
890 3607 1158 3676 conflata
1201 3615 1386 3694 sunt,
1436 3617 1511 3676 ut
1558 3611 1801 3677 factum
1850 3613 2110 3679 videtur
2152 3613 2216 3678 II
2265 3613 2325 3679 3.
2394 3616 2581 3701 Apud
2617 3615 3028 3702 Propertium

640 3738 826 3804 saepe
863 3716 1146 3783 alienum
1192 3735 1231 3782 a
1262 3714 1401 3781 loco
1448 3717 1884 3805 fragmentum
1935 3721 2003 3784 iu
2051 3719 2334 3785 mediam
2382 3722 2700 3806 quandam
2753 3721 3026 3809 elegiam

642 3825 959 3890 aberravit
1004 3827 1119 3888 aut
1165 3823 1242 3887 ab
1286 3824 1476 3887 initio
1522 3827 1805 3910 positum
1845 3830 1942 3890 est
1960 3872 1976 3902 ,
2023 3831 2134 3890 aut
2176 3826 2300 3891 duo
2341 3827 2622 3894 carmina
2661 3830 3028 3894 continuan-

642 3935 784 4014 tur,
847 3925 1007 4014 quae
1068 3927 1412 4013 separanda
1471 3935 1683 4008 erant;
1749 3932 1818 3994 in
1877 3951 1948 3996 eo
1995 3935 2180 4015 poeta
2225 3931 2380 3998 haec
2434 3938 2771 4019 notantur,
2817 3939 2882 4001 et
2927 3934 3028 3998 di-

642 4037 1060 4121 stinguuntur
1120 4035 1345 4118 spatiis
1405 4033 1577 4100 male
1638 4036 2037 4102 cohaerentia
2057 4083 2076 4114 ,
2125 4037 2292 4122 quod
2341 4045 2652 4123 quantum
2701 4041 2901 4126 prosit
2947 4040 3028 4106 ad

638 4138 1042 4205 intellectum
1102 4144 1414 4206 noverunt
1468 4140 1578 4225 qui
1626 4141 2024 4208 BAnunstu
2079 4142 2423 4210 editionem
2469 4147 2870 4230 pervolvunt.
2942 4145 3028 4212 Et

642 4245 904 4310 fortasse
948 4245 1197 4329 saepius
1245 4247 1441 4310 etiam
1490 4245 1758 4312 conflata
1796 4253 1893 4312 est
1939 4248 2106 4332 apud
2143 4248 2546 4335 Propertium
2587 4251 2795 4339 elegia
2831 4273 3025 4338 quam

638 4355 899 4416 notatur
908 4368 927 4426 ;
978 4355 1147 4415 certe
1192 4349 1262 4416 H
1312 4347 1395 4415 18
1444 4355 1713 4436 quatuor
1760 4373 1982 4419 versus
2027 4355 2223 4439 primi
2269 4356 2598 4441 separandi
2625 4345 2942 4423 'videntur
2987 4378 3026 4424 a

638 4455 901 4541 reliquis
916 4504 934 4541 ,
990 4458 1372 4540 quibuscum
1418 4478 1587 4522 nunc
1633 4458 2004 4544 cohaerent:
