3436 5161
1411 392 1748 442 nummus.
2640 368 2772 435 435

482 557 640 625 Ibid.
680 557 1055 625 'Mercurius
1101 559 1179 626 de
1224 562 1480 627 senibus
1528 566 1733 626 aetate
1785 559 2120 625 confectis:
2171 556 2410 653 τακεροὶ
2460 554 2719 621 πέντε
2738 583 2769 632 ς

392 664 501 731 καὶ
562 664 827 747 πέπειροι
893 665 999 729 καὶ
1056 668 1191 731 καθ’
1236 664 1389 747 ὥραν
1438 665 1894 746 τετρυγημένοι.
1968 664 2066 730 Ad
2114 684 2274 750 quae
2321 661 2602 729 Charon:
2652 663 2772 728 Μὰ

392 772 518 851 Δί’,
567 772 699 837 ἐπεὶ
748 772 1098 855 ἀσταφίδες
1144 798 1225 851 γε
1275 775 1533 839 voivre
1558 798 1587 846 ς
1636 774 1745 850 ἤδη
1795 772 1933 838 εἶσί.
2003 770 2268 837 Variant
2315 770 2561 836 codices
2607 772 2776 835 inter

392 880 459 953 νὴ
508 878 609 944 Δί’
656 885 719 946 et
760 879 857 957 μοὶ
906 881 1027 953 Δί’,
1080 901 1349 967 quorum
1397 882 1517 947 hoc
1562 880 1798 946 melius
1843 878 2119 945 videtur.
2169 876 2366 943 Ludit
2397 878 2566 941 enim
2603 874 2772 943 Cha-

388 1006 502 1053 ron
561 990 629 1051 in
692 986 807 1051 illo
869 988 1029 1049 καθ’
1077 985 1122 1051 ὥ
1134 1011 1309 1067 ραν,
1354 1010 1458 1052 suo
1507 996 1795 1071 tempore,
1852 993 2114 1064 mature,
2166 989 2229 1049 et
2277 1004 2427 1049 cum
2476 986 2622 1049 uvis
2668 1002 2773 1048 eos

392 1112 793 1178 comparans,
842 1092 1004 1158 ‘Non
1050 1092 1261 1160 hercle
1307 1083 1515 1171 vero'„
1549 1096 1794 1180 inquit,
1845 1095 1998 1158 ‘iam
2042 1092 2215 1157 enim
2257 1092 2514 1157 omnino
2555 1109 2776 1175 passae

389 1198 584 1265 sunt’.
654 1198 753 1264 Ex
792 1200 1023 1285 quibus
1081 1207 1259 1286 patet
1319 1221 1431 1286 pro
1480 1200 1687 1265 πάντ
1706 1224 1782 1272 ες
1832 1224 1878 1261 π
1897 1198 1941 1263 οἱ
1963 1222 2106 1262 ντω
2129 1222 2157 1269 ς
2207 1218 2339 1263 esse
2385 1197 2774 1262 substituen-

392 1306 549 1371 dum
566 1325 585 1384 ;
635 1303 891 1371 πάντε
910 1331 939 1379 ς
986 1327 1059 1372 eo
1105 1306 1319 1371 minus
1368 1306 1696 1373 ferendum
1717 1354 1734 1383 ,
1786 1304 1953 1391 quod
2002 1306 2217 1390 paucis
2264 1302 2475 1369 verbis
2498 1304 2774 1386 interpo-

392 1414 535 1479 sitis
582 1413 719 1479 sine
763 1410 900 1479 ulla
944 1413 1011 1476 vi
1059 1414 1351 1479 iteratur.

482 1627 641 1693 Ibid.
693 1628 760 1693 οὔ
809 1628 999 1693 πολὺν
1048 1624 1294 1708 χρόνον,
1344 1624 1385 1693 ὦ
1428 1636 1667 1707 Μοῖρα,
1721 1628 1908 1690 αἰτῶ·
1959 1624 2158 1704 μίαν
2203 1649 2298 1701 με
2341 1622 2577 1688 ἔασον
2617 1630 2776 1700 μεῖ-

394 1759 521 1800 ναι
587 1735 820 1810 τήνδε
884 1734 1035 1812 ἧμὲ
1050 1758 1209 1813 ραν.
1287 1734 1387 1800 Ad
1446 1736 1755 1799 amussim
1802 1733 1958 1798 haeo
2007 1733 2391 1798 conveniunt
2437 1751 2583 1794 cum
2631 1727 2775 1795 Me-

394 1842 546 1908 deae
591 1843 837 1907 senario
884 1842 1051 1926 apud
1098 1840 1473 1926 Euripidem
1520 1844 1587 1905 in
1637 1842 2013 1925 cognomine
2059 1836 2274 1903 fabula
2323 1858 2417 1902 vs.
2473 1833 2636 1900 340:

758 1947 954 2024 μίαν
1001 1970 1098 2023 με
1146 1954 1430 2023 μεῖναι
1477 1945 1685 2021 τήνδ’
1733 1944 1969 2010 ἔασον
2019 1944 2356 2023 ἡμέραν,
2701 2024 2714 2043 .

394 2061 469 2121 ut
515 2052 771 2121 difficile
816 2056 901 2119 sit
947 2075 1069 2119 non
1111 2056 1418 2139 suspicari
1457 2054 1625 2118 hunc
1661 2055 1874 2140 ipsum
1913 2048 2536 2133 esserestituendum
2557 2098 2575 2133 ,
2601 2066 2779 2132 prae-

393 2165 614 2229 sertim
673 2181 818 2227 cum
870 2164 1241 2249 cognoveris
1286 2182 1479 2246 quam
1530 2160 1802 2226 libenter
1849 2158 2201 2241 Lucianus,
2247 2160 2316 2221 in
2365 2156 2482 2220 hoc
2529 2173 2780 2239 quoque

395 2269 884 2355 Aristophanem
934 2270 1229 2335 imitatus
1246 2315 1263 2346 ,
1313 2266 1689 2353 Euripidem
1740 2263 2241 2351 paratragoedet.

488 2478 640 2567 Gap.
669 2478 729 2545 9.
772 2480 1160 2560 μαρτύρομαι
1202 2482 1401 2558 ὑμᾶς,
1443 2478 1667 2550 οὶτελές
1706 2477 1928 2555 μένει
1969 2475 2037 2539 τὸ
2065 2483 2274 2555 τεῖχος
2302 2471 2405 2539 καὶ
2434 2473 2518 2539 τοὶ
2545 2470 2776 2552 νεώρια.

404 2587 695 2654 Vicinum
752 2611 874 2652 τει
892 2611 946 2667 χ
965 2610 1027 2650 ιε
1047 2596 1076 2652 ῑ
1133 2587 1404 2653 editores
1463 2586 1682 2652 docere
1745 2590 1992 2670 poterat
2037 2609 2134 2662 με
2153 2609 2182 2646 ν
2201 2589 2277 2647 εἴ
2317 2584 2502 2647 unice
2552 2601 2776 2645 verum

394 2715 545 2762 esse.
619 2695 862 2761 Eadem
923 2715 1109 2780 opera
1156 2715 1269 2780 pro
1331 2692 1434 2772 οὶγ
1455 2719 1497 2757 α
1517 2718 1546 2757 ν
1564 2719 1605 2758 α
1624 2717 1661 2756 κ
1680 2717 1715 2758 τ
1735 2699 1809 2757 εἴ
1865 2693 1932 2756 in
1978 2711 2113 2777 cap.
2167 2690 2247 2755 11
2299 2710 2527 2776 repone
2575 2689 2619 2752 οἱ
2637 2713 2682 2766 γ
2701 2712 2778 2752 α-

398 2803 818 2876 νακτῆσεμ

488 3001 642 3090 Cap.
694 3005 797 3069 11.
849 3007 1287 3084 προαποθανεῖν
1332 3001 1593 3076 ’ἕκαστος
1642 3004 1842 3094 αὐτῶν
1885 2999 2156 3086 ἕτοιμος,
2195 3002 2249 3067 εἷ
2290 2996 2406 3066 οἷόν
2449 3024 2518 3064 τε
2553 2995 2776 3066 εἶναι.

394 3110 647 3177 Vitium
710 3115 905 3178 etiam
969 3112 1128 3178 alias
1194 3115 1610 3176 commissum
1676 3130 1790 3194 pro
1853 3111 1902 3174 εἰ
1969 3103 2084 3174 οἶόν
2138 3133 2207 3173 τε
2259 3103 2362 3181 ἦν.
2433 3107 2590 3172 Mox
2635 3107 2781 3195 lege

396 3217 543 3310 κᾶν
589 3219 734 3299 πρὸς
785 3219 995 3296 ὀλίγον
1045 3239 1157 3304 pro
1203 3218 1364 3284 καί.

487 3433 639 3522 Gap.
674 3436 777 3502 15.
828 3441 1078 3512 μᾶλλον
1124 3439 1185 3502 δὲ
1238 3437 1514 3515 ἡγούμην
1564 3439 1621 3510 ἐς
1664 3437 1734 3502 τὸ
1775 3436 1974 3518 πρόσω
2017 3438 2219 3515 ὁρῶν.
2269 3433 2548 3502 Cobetus
2580 3433 2776 3508 θέων,

396 3543 783 3610 Fritzschius
844 3545 1110 3622 ὁρμῶν.
1184 3543 1269 3609 Et
1328 3565 1477 3610 sane
1540 3546 1724 3625 ὁρῶν
1785 3546 1982 3610 nimis
2040 3541 2427 3629 languidum
2487 3541 2776 3619 videtum

394 3652 605 3716 nescio
650 3655 864 3716 tamen
912 3671 990 3716 an
1036 3653 1105 3714 in
1154 3650 1421 3738 vulgata
1466 3671 1589 3715 non
1638 3653 1850 3736 potius
1899 3651 2098 3716 lateat
2143 3650 2350 3730 φέρω
2370 3672 2431 3721 ν,
2463 3669 2780 3732 praeceps,

384 3757 787 3844 festinanter,
853 3776 977 3843 quo
1042 3759 1377 3842 participio
1445 3757 1764 3823 Lucienus
1827 3762 1976 3822 ante
2022 3753 2180 3820 alios
2239 3754 2610 3821 delectatur.
2680 3751 2779 3819 cf.

395 3862 758 3948 perdoctam
820 3863 1298 3948 Hemsterhusii
1350 3862 1826 3929 adnotationem
1875 3861 1953 3928 ad
1998 3861 2077 3926 D.
2127 3860 2218 3926 M.
2267 3859 2372 3924 V1.
2425 3858 2488 3923 3.
2551 3857 2624 3923 In
2672 3857 2780 3924 'Pi-

396 3989 582 4034 mone
628 3991 679 4033 c.
730 3967 817 4032 22
866 3975 931 4034 et
976 3968 1320 4035 Icaromen.
1372 3991 1424 4035 c.
1456 3968 1538 4033 19
1587 3966 1902 4057 legimus:
1950 3971 2078 4034 ,θεῖ
2117 3967 2392 4050 φέρων.

487 4185 639 4275 Cap.
687 4187 790 4254 16.
840 4186 995 4253 ὥστε
1045 4187 1498 4269 ὑπεράνθρωπός
1546 4212 1640 4261 τις
1691 4188 1838 4267 ἁνήρ
1887 4187 1962 4274 (l.
1987 4187 2160 4273 οὶνῆρ)
2209 4179 2310 4262 {aba
2359 4184 2778 4265 κατεφαίνετο

397 4294 503 4359 καὶ
550 4295 869 4376 μονονουχὶ
920 4296 1193 4360 καλλίων
1238 4295 1343 4360 καὶ
1397 4293 1767 4376 ὑψηλότερος
1817 4292 1937 4374 ὅλῳ
1985 4295 2180 4374 πήχει
2231 4293 2562 4373 βασιλικῷ.
2588 4289 2783 4357 Deest

396 4400 636 4486 aliquid
684 4401 757 4466 ad
812 4404 1217 4478 sententiam3
1264 4421 1387 4465 non
1436 4404 1610 4466 enim
1659 4423 1778 4466 uno
1827 4401 2054 4484 Mic-ylo
2102 4398 2428 4485 pulchrior
2474 4405 2540 4463 et
2577 4399 2784 4463 maior

395 4506 753 4575 videbatur.
828 4505 1267 4593 Supplendum
1333 4508 1637 4573 arbitror:
1702 4508 2066 4572 καλλίων
2125 4509 2272 4571 τῶν
2339 4502 2612 4570 ἄλλων
2675 4503 2781 4568 καὶ
