3436 5161
1399 360 1724 421 nonanus.
2023 386 2028 389 ·
2061 442 2070 455 Ι
2621 350 2752 417 409

370 559 623 604 cascum
670 539 928 623 quidem
951 586 968 616 ,
1006 538 1117 603 sed
1158 545 1371 603 tamen
1412 542 1536 601 nisi
1576 540 2077 603 caecutientibus
2100 538 2286 624 plane
2307 540 2748 625 perspicuum,

368 647 439 709 in
500 664 715 709 omnes
775 645 903 710 fere
963 666 1123 730 quae
1177 644 1525 731 excogitari
1574 650 1834 728 possunt
1883 642 2376 733 significationes
2425 645 2752 731 detorque-

369 756 508 828 tur;
572 757 637 815 et
696 750 845 815 hinc
896 753 1139 835 optime
1186 749 1340 815 disci
1392 754 1599 835 potest
1647 749 1862 833 qualia
1907 752 2152 837 perpeti
2199 750 2490 816 debuerit
2537 756 2750 819 textus

368 856 725 921 carminum
786 856 1271 938 Homericorum
1294 904 1309 933 ‚
1374 878 1523 921 cum
1572 862 1949 923 tractaretur
1996 866 2059 922 et
2106 859 2528 944 corrigeretur
2573 857 2750 925 scili-

368 968 467 1029 cet
518 964 598 1028 ab
648 964 1011 1029 hominibus
1056 984 1215 1049 quos
1258 984 1485 1029 sanum
1534 963 1851 1029 iudicium
1900 963 2374 1049 dereliquisset,
2419 968 2512 1031 ita
2562 970 2635 1030 ut
2681 968 2750 1031 in

370 1066 615 1134 deliciis
674 1070 978 1135 haberent
1037 1068 1313 1134 ludicros
1369 1068 1807 1147 soloecismos,
1870 1075 1936 1135 et
1995 1072 2209 1155 turpia
2265 1072 2426 1135 vitia
2472 1071 2750 1137 admira-

370 1181 587 1239 rentur
642 1174 847 1241 veluti
904 1175 1199 1241 dictionis
1267 1176 1549 1261 poeticae
1599 1175 1838 1241 indicia
1886 1182 2074 1261 atque
2119 1182 2506 1242 ornamenta.
2577 1176 2750 1243 Illud

367 1281 571 1367 igitur
615 1284 1041 1367 possessivum
1090 1282 1255 1367 apud
1291 1288 1536 1347 veteres
1567 1284 1778 1366 epicos
1817 1304 1942 1348 non
1977 1285 2105 1349 nisi
2128 1303 2256 1349 uno
2278 1283 2416 1349 loco
2439 1286 2745 1363 occurrit,

366 1408 593 1473 nempe
640 1388 706 1453 in
748 1388 885 1472 ipso
932 1386 1151 1452 Iliadis
1198 1390 1467 1452 introitu
1512 1399 1568 1452 A
1618 1386 1789 1453 216:

793 1494 915 1574 χρὴ
960 1494 1075 1571 μὲν
1120 1493 1453 1575 σφωΐτερόν
1498 1518 1605 1579 γε,
1666 1494 1810 1573 θεά,
1861 1495 2031 1569 rba-04
2080 1494 2472 1578 εἷρύσασθαι,

368 1599 476 1666 sed
496 1674 505 1683 ,
522 1600 881 1687 significare
923 1600 992 1666 id
1038 1608 1290 1665 vestrwm
1338 1602 1633 1665 amborum
1670 1622 1822 1667 cum
1862 1625 1896 1668 e
1936 1604 2139 1670 forma
2181 1610 2322 1669 tum
2348 1625 2424 1669 ex
2451 1606 2752 1670 contextu

370 1706 536 1773 claro
582 1712 879 1792 apparet,
925 1708 1019 1773 ita
1065 1712 1140 1771 ut
1186 1713 1373 1793 putes
1419 1704 1553 1781 fieri
1598 1728 1722 1774 non
1755 1728 1937 1795 posse
1975 1717 2050 1774 ut
2089 1709 2166 1775 de
2195 1731 2339 1775 vera
2361 1710 2556 1775 huius
2579 1711 2754 1775 vocis

367 1816 678 1899 potestate
726 1814 1095 1900 ambigatur
1111 1833 1129 1891 3
1178 1834 1381 1898 neque
1428 1833 1501 1879 ea
1531 1814 1727 1880 latuit
1761 1816 2220 1881 Antimachum
2249 1813 2756 1902 Colophonium,

366 1918 655 1983 Platonis
678 1918 1010 2003 aequalem
1033 1918 1139 2004 (cf.
1160 1918 1368 2004 Apoll.
1397 1919 1473 1984 de
1497 1940 1671 2005 pron.
1696 1942 1759 2005 p.
1780 1919 1906 1985 401
1923 1923 2000 2005 c).
2027 1921 2170 1986 Iam
2198 1922 2342 1987 vide
2366 1922 2522 2008 quid
2546 1922 2754 2009 desig·-

367 2026 615 2091 naverit
638 2024 1015 2110 Apollonius
1040 2024 1328 2092 Rhodius
1346 2074 1365 2103 ,
1406 2012 1589 2092 cuius
1628 2020 1810 2092 aures
1844 2030 2006 2093 mire
2031 2028 2326 2094 mulsisse
2351 2029 2606 2095 videtur
2627 2050 2755 2094 vox

363 2132 479 2198 illa
518 2134 779 2218 antiqua
822 2138 888 2197 et
932 2134 1288 2211 rarissima;
1338 2131 1583 2198 scilicet
1626 2133 1889 2220 plenum
1937 2140 2128 2220 atque
2162 2136 2508 2201 rotundum
2533 2142 2748 2213 sonat,
2819 2152 2830 2168 ⁸

366 2238 817 2324 sesquipedalis
862 2246 957 2305 est
1004 2242 1068 2305 et
1113 2244 1319 2305 metro
1366 2238 1682 2327 dactylico
1731 2241 1888 2305 bene
1936 2248 2084 2325 apta
2102 2291 2120 2326 ‚
2167 2244 2234 2305 et
2271 2261 2396 2326 quo
2423 2245 2634 2329 magis
2659 2250 2753 2307 est

364 2342 646 2411 obsoleta
690 2350 868 2410 tanto
916 2347 1225 2410 maiorem
1272 2344 1669 2429 splendorem
1720 2345 2014 2411 additura
2060 2353 2156 2410 est
2201 2350 2565 2413 recentioris
2611 2350 2752 2413 aevi

365 2451 731 2518 versiculis:
779 2472 979 2536 usque
1025 2451 1179 2516 adeo
1226 2453 1426 2538 igitur
1471 2472 1612 2516 eam
1662 2451 1920 2516 adamat
1952 2459 2027 2516 ut
2065 2453 2260 2518 semel
2283 2458 2600 2539 repertam
2625 2473 2750 2519 non

364 2559 563 2645 possit
601 2560 863 2624 missam
904 2556 1106 2623 facere
1146 2555 1254 2622 sed
1295 2577 1493 2642 usque
1531 2577 1779 2643 quaque
1814 2557 2090 2625 inculcet
2107 2579 2123 2637 ;
2167 2558 2358 2626 modo
2397 2583 2543 2624 suus
2564 2560 2752 2644 ipsius

364 2665 551 2731 debet
593 2665 875 2731 indicare
922 2662 1205 2749 (11465,
1257 2660 1425 2742 544,
1473 2662 1759 2741 111600,
1810 2663 1980 2744 625,
2025 2663 2236 2744 1227,
2279 2664 2365 2730 IV
2393 2665 2748 2743 274‚item

363 2770 678 2838 Theocrit.
728 2771 851 2849 25,
904 2769 1054 2857 55),
1101 2769 1292 2836 modo
1340 2781 1481 2834 tuus
1527 2769 1647 2858 (III
1698 2767 1894 2858 395),
1959 2772 2150 2838 modo
2197 2772 2274 2838 de
2321 2776 2525 2839 multis
2569 2773 2748 2840 adhi-

364 2878 550 2944 betur
597 2876 708 2964 (IV
758 2876 938 2964 454).

456 2984 625 3066 Quid
674 2981 896 3069 plura?
945 2983 1239 3050 videmus
1284 2987 1521 3050 sensim
1565 2989 1782 3052 natam
1835 3007 1968 3052 esse
2016 2989 2376 3074 opinionem
2399 3036 2415 3066 ‚
2455 2989 2509 3052 si
2533 2991 2750 3053 tantae

366 3093 726 3178 imperitiae
790 3110 1027 3156 errores
1088 3093 1398 3175 opinionis
1460 3094 1716 3158 nomine
1778 3091 2086 3183 dig-nandi
2147 3101 2330 3171 sunt,
2383 3096 2745 3179 opinionem

362 3197 503 3265 dico
522 3244 539 3276 ,
605 3199 819 3262 omnia
877 3199 1251 3282 pronomina
1311 3197 1567 3282 quidvis
1628 3197 1988 3288 significare
2034 3221 2249 3288 posse,
2296 3208 2360 3266 et
2405 3221 2747 3267 numerum

364 3303 651 3380 dualem,
705 3306 817 3389 qui
863 3324 942 3368 ex
988 3307 1316 3370 communi
1360 3325 1643 3372 sermone
1688 3307 1936 3372 dudum
1983 3311 2378 3390 evanuisset,
2424 3309 2493 3371 in
2532 3310 2745 3394 ipsum

362 3417 692 3496 poetarum
719 3431 906 3476 usum
934 3409 1090 3477 olim
1116 3410 1309 3476 fuisse
1332 3412 1669 3477 inventum
1682 3433 1699 3490 ;
1728 3412 1831 3478 his
1856 3415 2060 3500 igitur
2082 3413 2300 3491 licere,
2320 3415 2473 3499 quin
2497 3413 2748 3500 decere,

364 3517 619 3582 dualem
668 3517 746 3582 de
790 3537 917 3582 uno
956 3522 1066 3582 aut
1105 3517 1181 3582 de
1220 3516 1514 3603 pluribus
1553 3518 1877 3584 adhibere.
1926 3518 2109 3598 Quod
2147 3519 2375 3585 multis
2399 3521 2744 3606 exemplis,

363 3625 419 3687 si
465 3643 623 3709 opus
670 3622 1027 3700 videretur,
1075 3623 1283 3688 adhuc
1320 3625 1573 3710 probari
1610 3630 1854 3709 posset3
1894 3646 2098 3703 nunc,
2137 3647 2216 3692 ne
2239 3629 2434 3691 nimis
2459 3627 2568 3692 diu
2593 3626 2768 3691 huic'

362 3729 715 3816 quaestioni
771 3731 1227 3808 immoremur,
1274 3730 1474 3796 instar
1522 3733 1812 3795 omnium
1863 3733 1948 3796 sit
1996 3730 2370 3817 Apollonius
2418 3731 2706 3797 Rhodius
2725 3778 2744 3811 ,

361 3858 663 3926 perquam
713 3834 1036 3924 eleganter
1080 3842 1157 3901 ut
1202 3837 1327 3901 sibi
1373 3837 1629 3923 quidem
1675 3837 1934 3902 videtur
1979 3837 2057 3902 de
2103 3843 2237 3904 toto
2280 3837 2516 3924 populo
2565 3857 2746 3902 usur-

361 3965 519 4030 pans
562 3945 972 4029 participium
1018 3942 1471 4008 κατειλύσαντε
1517 3940 1612 4008 ΙΠ
1661 3941 1818 4008 206.
1865 3942 2090 4008 Dicere
2135 3947 2306 4009 enim
2358 3964 2506 4009 cum
2545 3940 2738 4008 velit:

362 4052 543 4116 moris
602 4058 687 4115 est
754 4050 979 4114 Colchis
1037 4061 1395 4114 mortum-um
1458 4071 1702 4134 corpora
1771 4051 1954 4114 coriis
1999 4051 2272 4114 involuta
2317 4071 2389 4114 σα·
2434 4049 2744 4114 arboribus

359 4136 746 4242 emperiam,
794 4159 887 4222 ita
932 4157 1049 4222 hoc
1095 4157 1425 4240 exprimit:
1490 4157 1822 4236 Κόλχοισίν
1871 4157 1998 4220 ἐστι
2049 4156 2219 4232 θ’έμις

973 4264 1035 4327 ἐν
1080 4262 1439 4344 ἀδεψήτοισι
1490 4262 1939 4328 κατειλύσαντε
1985 4261 2223 4340 βοείαις

796 4369 1070 4448 δενδρέων
1117 4367 1429 4447 ἐξάπτειν.

455 4476 847 4563 Quapropter
904 4475 1262 4542 Aristarchi
1315 4496 1442 4543 non
1487 4477 1725 4564 exigua
1768 4475 2047 4562 profecto
2092 4481 2188 4542 est
2233 4475 2374 4544 laus
2392 4524 2409 4556 ‚
2458 4475 2624 4563 quod
2671 4479 2739 4542 in
