3436 5161
1257 353 1532 404 πωπω
1575 353 1911 404 sosarnus.
2643 338 2777 406 279

395 526 610 585 autem
676 520 1022 597 deteriora,
1083 519 1268 586 credo
1330 520 1679 586 ambitione
1741 522 2002 606 ductus,
2066 543 2213 587 nam
2264 541 2517 605 omnes,
2568 529 2640 586 ut
2686 529 2782 588 est
2868 606 2881 616 ·

392 624 616 712 Antiq.
681 625 783 690 18.
854 628 912 692 l.
964 625 1038 701 4,
1090 625 1274 691 ὁπότε
1324 627 1423 690 ἐπ’
1470 627 1678 708 ἀρχὰς
1731 630 2119 709 παρέλθοιεν,
2168 630 2463 697 ἀκουσίως
2512 629 2627 704 μὲν
2674 628 2779 692 καὶ

397 735 542 796 κατ’
603 733 924 816 ἀνάγκην,
985 737 1397 814 προσχωροῦσι
1461 731 1510 795 δ’
1580 728 1676 797 οὖν
1737 729 1819 804 οἷς
1885 735 1913 798 ὁ
1964 741 2291 812 Φαρισαῖος
2339 733 2513 809 λέγει
2560 733 2663 798 διὰ
2710 737 2779 798 τὸ

396 839 486 911 μὴ
535 836 742 908 ἄλλως
791 840 1083 910 ἀνεκτοὺς
1131 837 1417 916 γενέσθαι
1465 845 1590 908 τοῖς
1643 840 1959 913 πλήθεσιν.
2034 839 2328 903 Indidem
2368 839 2781 924 repetendum

397 950 494 1008 est
553 943 720 1028 quod
785 949 919 1008 tam
981 947 1230 1028 copiose
1291 944 1449 1008 dicit
1517 943 1596 1008 de
1655 943 1946 1020 Essenis,
1993 943 2159 1009 Bell.
2205 943 2243 1007 J
2251 944 2351 1009 ud.
2406 946 2469 1008 2.
2522 942 2594 1021 8,
2648 954 2780 1010 tam

398 1051 644 1114 concise
689 1056 906 1114 autem
957 1050 1033 1114 de
1080 1049 1461 1116 Sadducaeis
1507 1069 1664 1134 quos
1710 1048 1947 1114 oderat.

488 1154 700 1221 Redeo
747 1155 826 1220 ad
875 1158 1309 1240 quaestionem
1331 1204 1348 1237 ,
1400 1176 1512 1220 cur
1557 1156 1815 1221 tandem
1852 1155 2167 1241 Josephus
2213 1156 2290 1221 de
2326 1156 2365 1221 J
2370 1177 2482 1222 esu
2524 1154 2780 1223 Christo

397 1261 607 1326 dicere
667 1261 962 1326 noluerit.
1050 1260 1418 1327 Absurdum
1486 1268 1582 1326 est
1629 1261 1916 1346 credere,
1962 1261 2290 1327 hominem
2341 1277 2471 1326 tam
2520 1261 2779 1328 doctum

397 1369 632 1451 quique
693 1375 1018 1451 praeterea
1077 1367 1156 1432 ad
1202 1366 1662 1450 rempublicam
1713 1370 2105 1450 accessisset,
2159 1364 2553 1433 Christianos
2599 1369 2781 1453 igno-

397 1492 600 1555 rasse3
663 1475 719 1537 si
783 1474 1004 1536 omisit
1050 1471 1126 1537 de
1171 1474 1254 1536 iis
1300 1472 1542 1548 dicere,
1591 1479 1829 1537 certam
1881 1473 2109 1537 habuit
2154 1492 2407 1538 causam
2459 1493 2571 1536 cur
2616 1479 2782 1537 tace-

395 1584 513 1642 ret.
586 1576 824 1655 Multi,
879 1576 972 1642 uti
1019 1577 1189 1654 dixi,
1239 1577 1504 1642 credunt
1551 1597 1696 1641 eum
1745 1576 1822 1641 de
1868 1577 2106 1642 Messia
2150 1578 2424 1642 scribere
2462 1577 2742 1642 noluisse
2758 1624 2777 1655 ‚

394 1704 475 1748 ne
535 1683 688 1767 quid
751 1683 912 1748 forte
972 1682 1406 1748 Romanorum
1469 1701 1652 1746 aures
1713 1681 2092 1759 offenderet;
2155 1683 2265 1747 sed
2327 1685 2611 1766 primum
2655 1685 2781 1769 ipsi

393 1786 668 1872 Josepho
727 1787 912 1853 Jesus
971 1809 1097 1854 non
1161 1794 1297 1853 erat
1355 1808 1505 1853 sane
1565 1789 1593 1852 d
1659 1789 1870 1868 Χριςὸς
1922 1795 1987 1852 et
2034 1788 2359 1865 credebat,
2410 1801 2578 1854 certe
2628 1809 2780 1854 con-

261 1889 269 1896 ”
395 1895 727 1971 tendebat,
791 1892 1257 1979 Vespasianum
1323 1914 1456 1958 esse
1519 1914 1710 1977 quem
1758 1893 1889 1959 fata
1936 1893 2421 1978 portendissent.
2494 1893 2777 1973 Deinde,

395 2003 452 2064 si
501 1999 656 2065 adeo
704 2000 859 2065 dum
909 2002 1209 2066 scriberet
1255 2002 1580 2064 timuisset
1624 1999 1997 2084 corpusculo
2046 2020 2192 2077 suo,
2244 2002 2557 2086 professus
2612 2011 2781 2068 certe

395 2105 652 2182 fuisset,
703 2127 768 2171 se
809 2106 1069 2170 rediisse
1109 2107 1188 2170 ad
1230 2105 1606 2170 Essenorum
1649 2106 2011 2189 opiniones,
2047 2125 2201 2190 quos
2225 2127 2474 2190 semper
2496 2108 2781 2174 adamas-

393 2217 492 2277 set
551 2232 666 2276 nec
727 2211 948 2276 haberi
1014 2209 1356 2294 voluisset,
1429 2209 1587 2274 falso
1655 2213 2029 2294 praesertim
2052 2259 2069 2286 ,
2144 2211 2221 2276 (16
2288 2211 2777 2278 Pharisaeorum

393 2337 692 2400 numero,
756 2317 866 2402 qui
928 2337 1077 2401 prae
1141 2319 1368 2382 ceteris
1422 2315 1890 2402 Prophetarum
1948 2319 2274 2382 vaticiniis
2334 2317 2781 2386 (luctabantur.

395 2422 664 2489 Accedit
722 2422 899 2487 locus
959 2443 1149 2506 quem
1214 2443 1404 2506 supra
1465 2421 1879 2485 exhibuimus
1937 2421 2014 2485 de
2074 2422 2261 2486 caede
2306 2419 2563 2500 Jacobi,
2614 2425 2779 2488 unde

396 2532 825 2614 comperimus
872 2527 1114 2613 aliquid
1161 2530 1230 2592 in
1275 2527 1704 2613 superioribus
1752 2526 1829 2591 de
1874 2525 2027 2592 Jesu
2074 2527 2269 2592 fuisse
2316 2529 2645 2593 traditum.

486 2636 672 2701 Nihil
721 2635 1012 2720 equidem
1058 2636 1290 2712 miror,
1340 2636 1671 2718 pericopen
1725 2632 1806 2697 de
1855 2630 2109 2696 Christo
2158 2632 2237 2697 ab
2276 2632 2554 2698 librariis
2586 2636 2781 2700 fuisse

395 2741 714 2808 sublatam
738 2790 754 2823 ‚
817 2761 966 2807 cum
1023 2739 1266 2824 aliquid
1313 2742 1584 2822 inesset,
1635 2737 1803 2822 quod
1852 2742 1965 2802 aut
2012 2738 2521 2823 indignationem
2564 2760 2783 2805 move-

395 2855 493 2913 ret
547 2855 670 2911 aut
731 2845 1294 2933 Evangelistarum
1362 2843 1549 2909 fidem
1615 2858 1897 2909 evertere
1953 2843 2293 2908 videretur.
2365 2843 2470 2909 Sic
2515 2844 2782 2913 Luciani

396 2951 794 3038 Opusculum
864 2953 942 3017 de
1007 2950 1216 3017 Morte
1268 2950 1599 3037 Peregrini
1646 2949 1870 3013 itidem
1924 2948 2133 3013 delere
2186 2952 2395 3014 conati
2440 2968 2621 3030 sunt,
2672 2952 2783 3018 sed

394 3061 631 3125 frustra
687 3059 966 3124 fuerunt.
1048 3056 1218 3131 Quid
1282 3062 1497 3121 autem
1564 3057 1617 3118 si
1681 3058 1936 3139 scripsit
1993 3054 2031 3119 J
2036 3055 2309 3139 osephus
2362 3076 2429 3121 se
2476 3076 2513 3121 a
2559 3065 2738 3142 patre
2761 3106 2781 3141 ‚

394 3186 546 3232 nam
593 3164 967 3231 sacerdotali
1011 3182 1240 3249 genere
1287 3171 1476 3227 natus
1521 3168 1658 3226 erat
1675 3207 1691 3238 ‚
1741 3159 1983 3244 aliquid
2022 3163 2351 3245 accepisse.
2372 3161 2449 3226 de
2486 3183 2742 3228 rumore
2760 3208 2779 3241 ‚

395 3292 590 3357 quem
653 3290 940 3356 sparsum
1005 3269 1203 3332 fuisse
1260 3266 1540 3353 legimus
1603 3264 1841 3331 Matth.
1904 3264 2014 3329 28.
2068 3264 2150 3330 13
2169 3312 2187 3341 ,
2236 3266 2552 3350 quomodo
2598 3267 2783 3341 disci-

394 3376 534 3461 puli
604 3375 758 3441 Jesu
829 3374 1094 3439 cadaver
1163 3373 1318 3437 olim
1389 3370 1821 3437 abstulissent.
1928 3370 2073 3435 Non
2145 3371 2512 3436 mirandum
2585 3373 2780 3438 talem

393 3484 729 3567 pericopen
791 3500 1040 3545 erasam
1099 3479 1325 3553 fuisse,
1388 3498 1534 3543 cum
1582 3473 1619 3541 J
1625 3476 1844 3559 osephi
1893 3475 2226 3541 volumina
2272 3474 2781 3544 Christianorum

395 3588 724 3664 manibus,
779 3587 879 3650 uti
923 3586 1307 3671 conjecimus
1326 3631 1345 3666 ,
1395 3590 1769 3649 tererentur.
1837 3580 2162 3646 Incertum
2212 3582 2329 3647 hoc
2376 3604 2510 3648 esse
2550 3585 2781 3649 fateor:

393 3714 540 3758 ecce
595 3691 772 3757 aliud
831 3690 1000 3776 quod
1065 3690 1327 3756 fortasse
1381 3688 1572 3773 paulo
1623 3690 1927 3773 majorem
1978 3690 2249 3772 speciem
2297 3689 2623 3754 videbitur
2670 3690 2782 3755 ha-

394 3799 562 3863 bere.
651 3794 890 3861 Scribit
955 3794 1270 3881 Jossphus
1331 3796 1548 3878 Antiq.
1617 3792 1721 3857 13.
1788 3791 1891 3857 10.
1961 3790 2001 3857 6
2073 3793 2151 3857 de
2220 3790 2605 3871 Pharisaeis,
2677 3814 2783 3859 eos

394 3902 606 3975 ἄλλως
654 3926 727 3966 τε
772 3902 879 3965 καὶ
927 3902 1115 3981 Φύσει
1162 3901 1305 3977 πρὸς
1355 3901 1473 3971 τὰς
1516 3899 1802 3970 κολάσεις
1845 3900 2119 3970 ἐπιεικῶς
2162 3896 2331 3979 ἔχειν
2378 3899 2569 3983 idque
2608 3900 2781 3966 haud

393 4007 596 4075 semel
653 4006 952 4073 inculcat.
1036 4007 1247 4072 Audio
1309 4006 1428 4071 hoc
1495 4025 1638 4070 vere
1701 4003 2005 4069 affirmari
2068 4004 2148 4069 de
2209 4002 2565 4083 Hillelitis,
2628 4026 2779 4071 nam

391 4117 562 4180 inter
603 4113 976 4179 Pharisaeos
1022 4112 1231 4177 multo
1279 4119 1457 4177 erant
1505 4112 1849 4177 severiores
1894 4112 2005 4195 qui
2052 4108 2529 4177 Schammaitae
2571 4112 2785 4197 appel-

391 4220 716 4287 labantur.
790 4216 1214 4303 Consequitur
1273 4238 1348 4283 ea
1406 4236 1567 4302 quae
1629 4214 1945 4301 Josephus
2003 4216 2270 4281 tradidit
2316 4216 2393 4281 de
2438 4215 2593 4281 Jesu
2640 4238 2784 4283 con-

395 4326 801 4392 demnatione
849 4330 984 4390 toto
1031 4322 1204 4389 coelo
1251 4322 1498 4388 differre
1544 4322 1837 4387 debuisse
1885 4322 1964 4386 ab
2003 4320 2404 4408 Evangeliis,
2446 4321 2514 4385 in
2553 4324 2784 4407 quibus

381 4434 733 4517 plerumque
789 4433 957 4497 inter
1016 4438 1355 4514 utramque
1415 4436 1655 4493 sectam
1718 4448 1843 4493 non
1906 4428 2359 4514 distinguitur,
2430 4450 2543 4493 nec
2612 4446 2781 4496 certe
