3436 5161
1421 381 1742 430 nouenos.
2640 363 2773 433 207

379 568 500 634 que
549 547 755 612 adbuc
803 544 1016 610 locum
1059 547 1387 631 inquinat,
1429 547 1550 609 nisi
1595 545 1794 609 simul
1832 544 2053 610 tollere
2094 565 2380 629 conarer,
2422 546 2775 631 culpandus

378 675 617 728 essem3
685 652 836 736 quid
907 654 1076 717 enim
1144 654 1229 715 sit
1275 651 1621 738 legendum
1671 655 2017 737 repperisse
2068 652 2230 716 mihi
2276 652 2513 717 videor.
2588 653 2772 718 Nihil

378 765 474 824 est
539 759 914 836 ἐρείσατο
981 758 1264 834 γαίης,
1331 766 1393 821 et
1459 757 1793 822 Nauckius
1857 759 2117 822 adnotat
2169 761 2395 835 »γαίης
2442 763 2553 833 ,vix
2603 767 2771 826 recte

377 864 692 929 dictum'’.
763 865 906 928 Non
968 871 1181 927 tamen
1252 859 1314 926 ih
1381 855 1512 927 hoc*
1564 862 1875 928 vocabulo
1938 864 2295 948 corruptela
2344 865 2499 930 latet
2546 866 2655 930 sed
2702 869 2771 930 in

377 971 687 1047 ἐρείσατο,
756 969 918 1053 quod
987 969 1432 1055 corrigendum
1499 985 1594 1032 est.
1657 969 1723 1033 in
1796 969 2227 1046 ἐδράξατο.
2324 971 2585 1037 Dudum
2651 973 2771 1038 hoc

378 1078 736 1159 suspicatus
803 1075 1080 1150 fueram,
1159 1074 1265 1138 sed
1333 1077 1758 1139 coniecturam
1808 1096 2151 1159 proponere
2197 1076 2525 1155 nolebam,
2576 1079 2771 1144 donec

378 1181 575 1244 incidi
639 1183 706 1244 in
768 1179 980 1244 locum
1037 1177 1482 1244 Theocriteum
1539 1180 1752 1264 XXV,
1812 1181 1969 1256 145,
2024 1185 2133 1266 qui
2180 1189 2313 1246 tam
2363 1185 2769 1251 manifestam

383 1285 679 1350 dictionis
743 1285 1101 1349 homericae
1163 1288 1441 1350 continet
1507 1287 1975 1364 imitationem,
2031 1296 2105 1351 ut
2151 1289 2433 1356 sufficere
2481 1293 2774 1357 videatur

383 1391 462 1456 ad
513 1391 1014 1456 emendationem
1075 1412 1284 1454 meam
1335 1393 1675 1456 tuendam:
2406 1375 2409 1378 ⁴

558 1503 664 1560 τοῦ
713 1497 825 1573 μὲν
873 1495 1036 1571 άναξ
1084 1497 1426 1574 προσιόντος
1479 1497 1891 1576 ἐδράξατο
1940 1501 2156 1580 χειρὶ
2208 1506 2523 1586 παχείῃ

565 1609 778 1668 σκαιοῦ
831 1601 1009 1684 ἄφαρ
1053 1604 1284 1682 κέραος.

382 1708 702 1774 Homerus
760 1711 992 1774 nostris
1057 1708 1264 1794 igitur
1324 1707 1478 1773 locis
1544 1709 1714 1773 idem
1782 1709 1945 1775 dixit
2009 1712 2177 1796 quod
2223 1712 2379 1778 alibi
2426 1710 2529 1778 ἕλε
2576 1722 2772 1793 γαῖαν

385 1817 651 1894 άγοστῷ.
724 1814 916 1880 Haud
961 1814 1246 1879 alienum
1288 1823 1502 1879 autem
1544 1836 1678 1880 esse
1721 1817 1799 1881 ab
1841 1820 1978 1882 eius
2018 1817 2238 1906 lingua
2278 1819 2544 1884 verbum
2586 1820 2773 1900 δράσ-

385 1923 635 2005 σεσθαι,
703 1921 1082 1986 documento
1144 1928 1240 1985 est
1307 1923 1718 2005 participium
1792 1921 2234 2000 δεδραγμένος,
2308 1926 2476 2010 quod
2534 1926 2777 2014 legitur

391 2038 446 2093 N
499 2027 628 2092 393
677 2034 742 2093 et
789 2037 844 2091 Π
897 2025 1068 2110 486,
1118 2029 1181 2090 in
1231 2026 1588 2092 locutione:
1634 2028 1820 2100 κόνιος
1872 2029 2277 2108 δεδραγμένος
2329 2033 2773 2109 αἱματοέσσης.

478 2135 601 2200 Sed
670 2135 1000 2201 redeamus
1069 2135 1145 2198 ad
1194 2135 1640 2218 disputationis
1687 2146 1937 2202 nostrae
1986 2143 2461 2225 argumentum.
2532 2139 2775 2204 Similis

388 2242 544 2308 locis
591 2251 642 2306 E
697 2239 828 2306 310
878 2246 942 2306 et
991 2251 1049 2304 A
1102 2239 1232 2304 356
1281 2247 1376 2306 est
1423 2251 1483 2306 Λ
1536 2241 1704 2308 4173

839 2347 1014 2428 άμφὶ
1063 2345 1129 2411 δέ
1180 2347 1346 2430 <r’>
1395 2347 1743 2413 ἀΐσσονται.
1815 2349 2033 2436 Vulgo
2081 2349 2143 2413 δέ
2193 2353 2272 2418 τ’.

474 2571 521 2628 Ζ
573 2561 690 2628 253
747 2557 1082 2637 ποιμαίνων
1131 2560 1306 2641 <ν’>
1357 2560 1456 2624 ἐπ’
1503 2557 1665 2625 ὄεσσι
1718 2562 1880 2639 μίγη
1930 2559 2229 2640 Φιλότητι
2278 2561 2383 2627 καὶ
2435 2565 2594 2645 εὐνῇ.

474 2680 528 2735 Θ
581 2666 745 2745 1473
795 2668 970 2733 ἄλλα
1018 2666 1142 2732 τόδ’
1191 2666 1353 2731 αἶνὸν
1396 2665 1560 2746 ἄχος
1609 2668 1853 2746 κραδίην
1894 2666 1998 2730 καὶ
2044 2668 2230 2744 θυμὸν
2271 2667 2483 2733 ἱκάνει.
2529 2669 2774 2737 Home-

379 2779 583 2841 ticum
634 2777 905 2840 arbitror
951 2775 1127 2838 άλλὰ
1177 2772 1250 2837 τό
1295 2771 1498 2852 <μ’>
1547 2773 1710 2838 αἰνὸν
1736 2771 1895 2855 ἄχος
1924 2779 2085 2850 etc..
2114 2773 2771 2865 utA‘169legimus:

923 2878 1099 2945 άλλά
1149 2903 1250 2956 μοι
1302 2880 1465 2943 αἰνὸν
1514 2876 1673 2961 ἄχος
1726 2878 1893 2946 σέθεν
1941 2878 2209 2945 ἔσσεται.

465 2987 641 3054 Idem
693 2987 861 3073 quod
907 2986 986 3051 de
1041 2996 1094 3050 Θ
1151 2985 1302 3071 147,
1338 2985 1514 3051 valet
1553 2985 1630 3051 de
1669 2986 1827 3051 locis
1866 2986 2187 3072 parallelis
2230 2997 2285 3051 Ο
2332 2986 2501 3066 208,
2543 2999 2599 3053 Π
2644 2987 2769 3072 52,

377 3119 416 3160 σ
478 3092 649 3178 274,
716 3114 984 3178 quorum
1055 3092 1328 3157 ultimus
1389 3112 1536 3178 prae
1602 3096 1865 3158 caeteris
1932 3100 2119 3181 aptus
2168 3094 2422 3160 videtur
2469 3094 2549 3160 ad
2598 3115 2764 3160 com·

379 3200 803 3266 mendandam
853 3220 1045 3283 quam
1095 3200 1395 3283 proposui
1443 3200 1913 3264 correctionem.
2536 3204 2543 3207 “

471 3308 502 3372 Ι
551 3306 718 3372 4593
767 3305 942 3369 άλλά
991 3327 1083 3375 τις
1133 3304 1456 3368 άθανάτων
1505 3308 1745 3369 παῦσεν
1792 3303 2020 3385 χόλον,
2070 3303 2133 3377 ὅς
2185 3310 2381 3387 <μ’>
2426 3307 2507 3370 ἐνὶ
2557 3309 2723 3386 θυμῷ

697 3466 702 3473 .
774 3413 965 3487 δήμου
1013 3408 1182 3485 ἔθηκε
1230 3408 1427 3489 Φάτιν
1477 3408 1580 3473 καὶ
1632 3409 1873 3473 ὀνείδεα
1933 3410 2122 3475 πόλλ’
2172 3412 2511 3489 ἀνθρώπων.

471 3518 858 3584 Plutarchus
879 3568 896 3590 ,
940 3516 1051 3601 qui
1089 3515 1263 3581 solus
1301 3516 1470 3579 hunc
1501 3538 1756 3581 versum
1784 3518 1967 3582 nobis
1990 3521 2340 3583 asservavit
2364 3570 2377 3589 .
2406 3519 2605 3585 altero
2628 3520 2767 3585 loco
2872 3591 2877 3597 ,

381 3618 440 3694 ὅς
491 3628 538 3703 ῤ’
587 3624 802 3697 affert.
851 3622 1050 3688 altero
1096 3619 1155 3694 ὅς
1195 3624 1285 3697 γ’.
1333 3622 1574 3686 Eodem
1624 3624 1784 3686 vitio
1834 3622 2122 3689 laborant
2164 3650 2206 3686 α
2247 3623 2380 3689 200
2422 3632 2485 3690 et
2523 3650 2549 3689 ο
2597 3625 2764 3691 1723

653 3731 854 3808 αὐτὰρ
903 3734 1003 3793 νῦν
1049 3751 1136 3794 τοι
1186 3730 1305 3805 ἐγὼ
1353 3728 1789 3805 μαντεύσομαι
1838 3726 1911 3799 ὥς
1974 3732 2171 3809 <μ’>
2220 3732 2299 3795 ἐνὶ
2349 3734 2515 3807 θυμῷ

645 3838 942 3902 ἀθάνατοι
991 3835 1302 3914 βάλλουσι
1352 3834 1456 3899 καὶ
1507 3838 1586 3905 ὡς
1630 3834 1951 3900 τελέεσθαι
1992 3836 2112 3901 ὀΐω.

469 4062 528 4120 Ν
580 4052 746 4117 325:
797 4052 936 4117 ποσὶ
989 4050 1044 4115 δ’
1093 4050 1160 4115 οὔ
1206 4050 1334 4122 πώς
1391 4050 1572 4128 <12⁹>
1623 4048 1787 4113 ἔστιν
1840 4049 2067 4131 ἐρίζειν.

472 4168 512 4227 Ξ
563 4158 732 4227 237:
786 4158 994 4224 αὐτίκ’
1044 4156 1179 4221 ἐπεί
1226 4155 1294 4220 κε’
1349 4156 1536 4235 <ε’>
1591 4155 1714 4233 ἐγὼ
1762 4155 2195 4235 παραλέξομαι
2248 4156 2305 4219 ἐν
2354 4154 2669 4237 Φιλότητι.

471 4278 526 4332 Π
579 4266 700 4331 58:
751 4268 863 4339 την
911 4262 1010 4341 ἂψ
1059 4267 1128 4328 ἐκ
1175 4268 1390 4340 χειρῶν
1441 4262 1652 4338 <μ’>
1702 4258 1878 4325 ἕλετο
1928 4262 2129 4340 κρείων
2181 4261 2621 4340 Ἀγαμέμνων.

381 4374 544 4439 Item
596 4372 734 4438 loco
780 4369 1084 4456 parallelo
1134 4378 1184 4433 Σ
1237 4367 1404 4433 4453
1455 4370 1566 4441 τὴν
1606 4366 1705 4446 ἂψ
1746 4369 1811 4433 ἐκ
1854 4376 2070 4449 χειρῶν
2114 4370 2226 4447 <1²⁶
2234 4386 2293 4443 >
2342 4366 2517 4433 ἕλετο
2557 4369 2762 4449 κρείων

378 4478 822 4561 Ἀγαμέμνων.
