3436 5161
658 373 791 439 814
1630 394 1892 443 cAssrus
1934 395 2064 443 mo.

749 556 969 641 Neque
1028 560 1243 623 tamen
1308 560 1641 643 quisquam
1700 578 1890 623 sanus
1935 559 2199 646 negabit
2245 556 2516 624 Dionem
2567 577 2818 644 quoque
2861 576 3048 643 saepe

658 663 928 727 humani
990 662 1229 748 aliquid
1292 685 1547 749 passum
1612 685 1748 731 esse
1765 712 1782 743 ‚
1846 670 1912 730 et
1969 664 2088 730 hoc
2151 670 2300 753 aget
2319 714 2334 739 ,
2400 665 2512 751 qui
2574 666 2730 730 artis
2787 666 3048 728 criticae

658 770 921 855 ignarus
984 789 1107 834 non
1172 776 1266 835 est
1283 817 1299 845 ‚
1368 775 1442 833 ut
1502 768 1728 835 Dionis
1791 770 1984 836 verba
2031 791 2179 836 cum
2227 771 2614 835 testimoniis
2661 768 2936 835 aliorum
2982 774 3050 834 et

660 875 1041 958 scriptorum
1090 881 1155 940 et
1200 880 1762 940 monumentorum
1810 874 2031 942 sedulo
2078 882 2445 962 componat,
2500 882 2566 940 et
2586 923 2602 954 ,
2650 875 2762 939 ubi
2811 874 3047 940 discre-

661 985 841 1064 pent,
884 1002 961 1045 ex
1004 982 1261 1047 testium
1308 984 1685 1047 auctoritate
1716 986 1784 1047 et
1809 1003 2022 1048 rerum
2047 984 2410 1070 cognitione
2441 1002 2668 1049 verum
2693 982 3042 1069 dignoscat.

752 1085 895 1152 Hoc
944 1107 1093 1153 vero
1152 1088 1502 1153 cavendum
1568 1092 1700 1171 est,
1749 1108 1830 1153 ne
1879 1090 2024 1173 quis
2063 1089 2252 1155 Dioni
2292 1092 2453 1155 vitio
2494 1094 2703 1155 vertat
2747 1088 2914 1175 quod
2961 1086 3048 1153 li-

662 1183 1013 1258 brariorum
1078 1192 1181 1257 vel
1244 1198 1665 1259 correctorum
1686 1241 1703 1271 ,
1769 1194 2087 1261 editorum
2150 1195 2422 1280 denique
2477 1193 2664 1280 culpa
2712 1200 3044 1279 peccatum

662 1302 774 1361 est.
827 1296 917 1363 Ut
978 1297 1142 1364 libro
1204 1298 1325 1374 54,
1392 1296 1431 1363 9
1479 1301 1926 1365 Armeniorum
1978 1320 2087 1365 rex
2108 1346 2124 1377 ,
2175 1302 2286 1385 qui
2335 1320 2374 1366 a
2419 1299 2832 1385 popularibus
2879 1298 3047 1384 apud

661 1406 1032 1491 Augustum
1098 1410 1429 1471 accusatus
1490 1410 1557 1470 et
1624 1411 1842 1490 postea
1899 1408 2270 1471 interfectus
2335 1412 2430 1471 est
2453 1453 2470 1483 ,
2543 1408 2913 1471 etiamnunc
2979 1406 3048 1469 in

660 1512 1011 1575 novissima
1067 1510 1341 1576 editione
1390 1508 1796 1577 Dindorfiane
1841 1510 2244 1592 Ἀρταβάζης
2294 1517 2594 1595 vocatur,
2643 1532 2792 1577 cum
2831 1516 3048 1576 tamen

666 1615 943 1682 Venetus
981 1627 1034 1682 A
1081 1614 1383 1697 ’Λρτάζου
1423 1616 1696 1682 secundo
1737 1636 1885 1682 casu
1927 1616 2260 1702 exhibeat,
2303 1638 2380 1683 ex
2419 1636 2544 1701 quo
2577 1614 2756 1681 nullo
2789 1616 3048 1701 negotio

664 1742 887 1789 verum
952 1741 1183 1787 nomen
1244 1720 1549 1802 Ἀρτάξής
1610 1723 1866 1787 restitui
1928 1728 2137 1807 potest
2205 1724 2380 1809 (nam
2449 1732 2492 1791 Ξ
2539 1728 2604 1788 et
2653 1732 2700 1787 Z
2749 1741 2938 1806 saepe
2981 1722 3046 1784 in

664 1827 989 1892 codicibus
1050 1826 1264 1893 locum
1326 1833 1606 1894 mutasse
1668 1832 1895 1894 notum
1943 1834 2099 1909 est),
2149 1834 2224 1895 ut
2271 1835 2534 1897 vocatur
2577 1848 2616 1895 a
2661 1828 2865 1893 Dione
2910 1829 3046 1911 ipso

666 1938 888 2017 quater
948 1932 1095 2017 (49,
1160 1932 1269 1999 39.
1330 1933 1439 1999 40.
1504 1932 1628 2019 44;
1694 1934 1806 2019 51,
1883 1934 1988 2015 16)
2050 1940 2116 2000 et
2171 1935 2251 2000 ab
2298 1938 2594 2021 Augusto
2637 1933 2842 2019 (Mon.
2891 1936 3044 1998 Anc.

669 2038 709 2103 ὅ
728 2085 745 2115 ,
796 2037 927 2123 24).
1002 2038 1177 2105 Idem
1230 2041 1523 2106 Artaxias
1568 2041 1752 2105 audit
1797 2040 1965 2126 apud
2013 2039 2305 2106 Tacitum
2361 2042 2554 2119 (Anu.
2592 2040 2670 2117 2,
2717 2038 2780 2119 3)
2819 2045 2884 2105 et
2907 2037 3048 2103 Fla-

665 2146 847 2209 vium
896 2142 1244 2229 Josephum
1304 2145 1423 2229 15,
1475 2144 1552 2230 4,
1604 2144 1663 2209 3.
2061 2147 2068 2153 '

756 2248 826 2315 L.
896 2246 985 2315 58
1006 2296 1023 2327 ,
1090 2247 1210 2333 19,
1278 2254 1313 2317 1
1378 2250 1458 2317 ad
1518 2270 1755 2316 annum
1822 2250 1910 2316 32
1969 2254 2036 2316 in
2097 2253 2394 2318 omnibus
2455 2251 2843 2317 editionibus
2889 2249 3051 2337 legi-

670 2362 810 2423 tur:
875 2354 1015 2420 τότε
1064 2355 1127 2420 δὲ
1178 2356 1477 2436 ε’φείσατο
1528 2356 1641 2433 μὲν
1696 2354 2036 2436 (Tiberius)
2083 2358 2187 2423 καὶ
2237 2355 2448 2422 ἄλλων
2497 2362 2668 2422 τινῶν
2715 2354 2916 2421 καίτοι
2961 2358 3048 2431 τῷ

670 2464 909 2544 Σηιανῷ
968 2448 1349 2543 ᾧκειωμένων
1373 2508 1389 2539 ,
1453 2462 1752 2541 ἐφείσατο
1804 2462 1864 2529 δὲ
1915 2464 2021 2528 καὶ
2075 2464 2334 2529 Λουκίου
2381 2466 2644 2537 Σηιανοῦ
2691 2466 3049 2542 στρατηγοῦ

666 2569 924 2649 Μάρκου
988 2595 1057 2634 τε
1106 2570 1429 2647 Τερεντίου
1476 2568 1742 2646 ἱππέως,
1802 2568 2023 2634 ἐκείνου
2073 2569 2188 2648 μὲν
2235 2568 2697 2652 ὑπερφρονήσας
2733 2607 2795 2617 -
2832 2566 3048 2634 πάντα

670 2677 773 2742 διὰ,
834 2682 1177 2758 φαλακρῶν
1240 2676 1301 2740 ἐν
1348 2685 1475 2746 τοῖς
1526 2676 1898 2756 Φλωραλίοις
1937 2713 2002 2722 -
2039 2676 2138 2742 ἐπὶ
2189 2685 2269 2758 τῇ
2318 2681 2425 2741 τοῦ
2476 2676 2764 2757 Τιβερίου
2813 2689 3054 2757 χλευα·

668 2784 813 2867 σίᾳ,
854 2779 946 2848 ὅτι
992 2785 1255 2854 τοιοῦτος
1306 2778 1412 2865 ἦν,
1462 2782 1824 2858 ποιήσαντος
1855 2803 1961 2831 -·
1987 2788 2273 2849 τοσοῦτον
2319 2783 2446 2863 γὰρ
2493 2781 2698 2856 ἐδέησε
2747 2781 2821 2846 δι’
2867 2783 3052 2862 ὀργῆς

668 2890 837 2969 αὐτῷ
900 2889 1188 2967 γενέσθαι
1250 2883 1397 2952 ὥστ’
1459 2887 1589 2954 οὐδὲ
1652 2888 2138 2968 προσεποιήσατο
2207 2888 2408 2971 ἀρχὴν
2477 2884 2572 2954 ὅτι
2643 2887 2777 2967 περὶ
2850 2889 3054 2952 αὐτῶν

670 2995 947 3078 ἠκηκόει,
996 2993 1217 3072 καίπερ
1267 2993 1373 3058 καὶ
1424 2999 1697 3067 Σηιανῶν
1747 2991 1817 3068 ἐξ
1865 2993 2085 3058 ἐκείνου
2137 2993 2385 3060 πάντων
2430 3001 2547 3059 τῶν
2570 3000 2911 3073 φαλακρῶν
2935 2993 3054 3057 ὄνο-

671 3101 1065 3180 μασθέντων·
1127 3105 1234 3165 τοῦ
1299 3100 1361 3165 δὲ
1422 3100 1492 3174 δὴ
1553 3099 1874 3178 Τερεντίου
1933 3125 1990 3164 ιι.
2017 3123 2074 3165 τ.
2104 3115 2165 3165 λ.
2254 3099 2554 3167 Credisne
2617 3121 2780 3167 anno
2841 3099 2926 3164 32
2987 3119 3050 3184 p.

672 3207 821 3276 Chr.
864 3229 927 3272 n.
968 3205 1245 3272 Lucium
1286 3204 1597 3292 quendam
1644 3204 1948 3270 Seianum
1989 3209 2205 3271 virum
2245 3205 2482 3272 ordinis
2523 3208 2824 3272 senatorii
2858 3206 3056 3271 fuisse

672 3319 862 3399 atque
910 3312 1065 3378 adeo
1112 3318 1464 3396 praetorem
1488 3359 1506 3396 ,
1554 3331 1830 3395 eumque
1869 3309 1975 3376 vel
2018 3313 2333 3378 urbanum
2373 3309 2478 3378 vel
2501 3307 2948 3400 peregrinum?
2977 3315 3055 3392 J¹).

673 3423 759 3486 At
817 3418 1093 3484 Venetus
1152 3420 1278 3484 sic:
1344 3418 1640 3498 ἐφείσατο
1701 3417 1764 3482 δὲ
1811 3417 1914 3482 καὶ
1964 3418 2205 3484 λουκίου
2253 3415 2358 3482 καὶ
2409 3421 2618 3483 σιανοῦ
2645 3417 2713 3500 ²).
2787 3416 3058 3483 Induxe-

672 3530 823 3590 runt
870 3523 1139 3589 editores
1184 3522 1460 3588 alterum
1509 3522 1615 3588 καὶ
1637 3569 1652 3597 ,
1695 3523 1862 3608 quod
1903 3545 2052 3588 cum
2095 3523 2382 3609 sequenti
2419 3527 2630 3589 σιανοῢ
2671 3525 3055 3609 coniungen-

672 3631 827 3696 dum
879 3649 1011 3694 esse
1058 3648 1183 3694 non
1230 3629 1543 3694 viderant.
1604 3626 1785 3707 Quod
1822 3629 1933 3694 ubi
1967 3629 2190 3694 feceris
2228 3649 2454 3695 verum
2493 3631 2802 3714 praetoris
2825 3647 3058 3692 nomen

672 3736 748 3803 L.
814 3733 1191 3802 Caesianum
1255 3733 1537 3798 habebis.
1624 3732 1724 3798 Ne
1783 3735 1926 3817 quis
1988 3733 2065 3798 de
2125 3733 2243 3798 hac
2289 3753 2356 3799 re
2404 3733 2686 3811 dubitet,
2735 3731 3061 3818 Xiphilini

675 3843 868 3914 verba
926 3859 1277 3926 apponam,
1353 3859 1416 3922 p.
1485 3837 1649 3916 152,
1714 3837 1820 3902 26.
1895 3837 2086 3904 Dind.
2156 3841 2233 3911 ὡς
2299 3837 2356 3904 δ’
2423 3840 2519 3904 οὖν
2585 3838 2646 3902 ἐν
2714 3837 3063 3920 τηλικαύτῃ

744 4104 798 4167 1)
844 4101 1109 4150 Floralium
1142 4099 1269 4149 enim
1302 4115 1419 4148 cure
1450 4100 1560 4157 τοῖς
1594 4099 1904 4161 στρατηγοῖς
1940 4097 2048 4156 τοῖς
2085 4096 2214 4147 πάνυ
2249 4097 2468 4158 obVenit,
2505 4099 2627 4146 teste
2659 4095 2814 4146 Dione
2847 4096 2952 4162 ipeo
2985 4112 3062 4162 ep.

676 4183 769 4243 78,
800 4183 890 4242 22,
930 4183 959 4232 1
995 4181 1057 4230 τὸ
1094 4178 1409 4232 διαδίδοσθαι(
1436 4196 1550 4229 τινα
1585 4175 1635 4230 ἂν
1670 4181 1789 4238 ταῖς
1826 4183 1924 4228 τᾶν
1961 4183 2262 4242 erpa-my&
2298 4182 2397 4228 τᾶν
2432 4177 2562 4228 πάνυ
2599 4176 2758 4237 θέαις,
2793 4177 2926 4236 πλὴν
2959 4182 3062 4226 τᾶν

677 4268 743 4330 τῇ
792 4261 969 4330 Φλῶρᾳ
1002 4261 1313 4324 τελουμένων
1346 4280 1389 4311 κ.
1409 4279 1459 4310 τ.
1481 4271 1557 4318 A„
1592 4277 1687 4326 quo
1723 4261 1827 4312 loco
1861 4265 2130 4328 praetorem
2163 4261 2247 4327 qui
2281 4261 2356 4312 ine
2391 4261 2508 4311 dicit
2540 4261 2670 4310 inter
2703 4261 2978 4326 peregrinos
3013 4263 3063 4310 et

677 4349 947 4414 praetorem
994 4343 1227 4396 urbanum
1271 4345 1617 4410 intellegendos
1661 4360 1785 4404 csse,
1824 4345 2082 4395 verisimile
2116 4344 2321 4396 videtur.
2356 4344 2416 4394 cf.
2456 4344 2682 4394 Momme.
2715 4345 2930 4394 Stanter.
2969 4343 3058 4392 11⁸

676 4447 722 4498 p.
762 4431 859 4480 189
896 4431 951 4479 A.
990 4430 1035 4478 Β.

747 4513 803 4578 8)
838 4512 916 4561 Sic
948 4525 1134 4575 semper
1165 4525 1254 4576 pro
1280 4510 1498 4568 Σηιανοῦ.
