<?xml version="1.0" encoding="UTF-8"?>
<!DOCTYPE html PUBLIC "-//W3C//DTD XHTML 1.0 Transitional//EN"
    "http://www.w3.org/TR/xhtml1/DTD/xhtml1-transitional.dtd">
<html xmlns="http://www.w3.org/1999/xhtml" xml:lang="en" lang="en">
 <head>
  <title>
</title>
<meta http-equiv="Content-Type" content="text/html;charset=utf-8" />
  <meta name='ocr-system' content='tesseract 3.04.00' />
  <meta name='ocr-capabilities' content='ocr_page ocr_carea ocr_par ocr_line ocrx_word'/>
</head>
<body>
  <div class='ocr_page' id='page_1' title='image "./mnemosynevolume00verdgoog_0340.png"; bbox 0 0 3436 5161; ppageno 0'>
   <div class='ocr_carea' id='block_1_1' title="bbox 683 266 2095 333">
    <p class='ocr_par' dir='ltr' id='par_1_1' title="bbox 683 266 2095 333">
     <span class='ocr_line' id='line_1_1' title="bbox 683 266 2095 333; baseline -0.003 0"><span class='ocrx_word' id='word_1_1' title='bbox 683 266 815 333; x_wconf 80' lang='lat'>322</span> <span class='ocrx_word' id='word_1_2' title='bbox 1655 280 1918 331; x_wconf 60' lang='lat' dir='ltr'>caesnia</span> <span class='ocrx_word' id='word_1_3' title='bbox 1962 280 2095 329; x_wconf 78' lang='lat' dir='ltr'>mo·</span> 
     </span>
    </p>
   </div>
   <div class='ocr_carea' id='block_1_2' title="bbox 676 442 3084 2860">
    <p class='ocr_par' dir='ltr' id='par_1_2' title="bbox 676 442 3084 642">
     <span class='ocr_line' id='line_1_2' title="bbox 680 442 3084 533; baseline -0.003 -19"><span class='ocrx_word' id='word_1_4' title='bbox 680 451 785 514; x_wconf 81' lang='grc' dir='ltr'><strong><em>τὸν</em></strong></span> <span class='ocrx_word' id='word_1_5' title='bbox 822 450 1163 516; x_wconf 80' lang='grc' dir='ltr'><strong><em>Κατιλίναν</em></strong></span> <span class='ocrx_word' id='word_1_6' title='bbox 1205 454 1270 515; x_wconf 86' lang='lat' dir='ltr'>et</span> <span class='ocrx_word' id='word_1_7' title='bbox 1315 451 1354 533; x_wconf 61' lang='grc' dir='ltr'><strong>ξ</strong></span> <span class='ocrx_word' id='word_1_8' title='bbox 1402 448 1444 512; x_wconf 87' lang='grc'>4</span> <span class='ocrx_word' id='word_1_9' title='bbox 1492 446 1595 512; x_wconf 76' lang='grc' dir='ltr'>καὶ</span> <span class='ocrx_word' id='word_1_10' title='bbox 1646 448 1754 511; x_wconf 82' lang='grc' dir='ltr'>οὐκ</span> <span class='ocrx_word' id='word_1_11' title='bbox 1805 445 2114 523; x_wconf 75' lang='grc' dir='ltr'>ἐτόλμησε</span> <span class='ocrx_word' id='word_1_12' title='bbox 2162 469 2214 511; x_wconf 78' lang='grc' dir='ltr'>κ.</span> <span class='ocrx_word' id='word_1_13' title='bbox 2246 446 2445 531; x_wconf 77' lang='grc' dir='ltr'><strong><em>τ.λ.).</em></strong></span> <span class='ocrx_word' id='word_1_14' title='bbox 2509 442 2690 521; x_wconf 83' lang='lat' dir='ltr'>Quae</span> <span class='ocrx_word' id='word_1_15' title='bbox 2736 450 3084 528; x_wconf 77' lang='lat' dir='ltr'><strong>postquam</strong></span> 
     </span>
     <span class='ocr_line' id='line_1_3' title="bbox 676 554 2066 642; baseline -0.004 -20"><span class='ocrx_word' id='word_1_16' title='bbox 676 558 1003 641; x_wconf 88' lang='lat' dir='ltr'>perierunt</span> <span class='ocrx_word' id='word_1_17' title='bbox 1048 556 1375 642; x_wconf 77' lang='lat' dir='ltr'>quaternio</span> <span class='ocrx_word' id='word_1_18' title='bbox 1422 554 1629 621; x_wconf 79' lang='lat' dir='ltr'>factus</span> <span class='ocrx_word' id='word_1_19' title='bbox 1678 556 1776 617; x_wconf 76' lang='lat' dir='ltr'>eet</span> <span class='ocrx_word' id='word_1_20' title='bbox 1825 554 2066 619; x_wconf 82' lang='lat' dir='ltr'>ternio:</span> 
     </span>
    </p>

    <p class='ocr_par' dir='ltr' id='par_1_3' title="bbox 1595 654 2176 744">
     <span class='ocr_line' id='line_1_4' title="bbox 1595 654 2176 744; baseline 0 -21"><span class='ocrx_word' id='word_1_21' title='bbox 1595 658 1631 723; x_wconf 90' lang='lat'>1</span> <span class='ocrx_word' id='word_1_22' title='bbox 1658 654 1738 737; x_wconf 86' lang='grc' dir='ltr'>-Ι-</span> <span class='ocrx_word' id='word_1_23' title='bbox 1764 655 1806 722; x_wconf 92' lang='grc'>8</span> <span class='ocrx_word' id='word_1_24' title='bbox 1854 660 2176 744; x_wconf 85' lang='lat' dir='ltr'>perierunt</span> 
     </span>
    </p>

    <p class='ocr_par' dir='ltr' id='par_1_4' title="bbox 1593 760 1810 843">
     <span class='ocr_line' id='line_1_5' title="bbox 1593 760 1810 843; baseline -0.005 -14"><span class='ocrx_word' id='word_1_25' title='bbox 1593 763 1636 829; x_wconf 91' lang='grc'><strong>2</strong></span> <span class='ocrx_word' id='word_1_26' title='bbox 1661 760 1742 843; x_wconf 75' lang='grc'>-1-</span> <span class='ocrx_word' id='word_1_27' title='bbox 1771 761 1810 828; x_wconf 85' lang='lat'>¹⁷</span> 
     </span>
    </p>

    <p class='ocr_par' dir='ltr' id='par_1_5' title="bbox 1596 864 1810 947">
     <span class='ocr_line' id='line_1_6' title="bbox 1596 864 1810 947; baseline -0.009 -12"><span class='ocrx_word' id='word_1_28' title='bbox 1596 867 1637 935; x_wconf 82' lang='lat'><strong>3</strong></span> <span class='ocrx_word' id='word_1_29' title='bbox 1661 864 1742 947; x_wconf 76' lang='grc'>-1-</span> <span class='ocrx_word' id='word_1_30' title='bbox 1769 866 1810 933; x_wconf 89' lang='grc'>6</span> 
     </span>
    </p>

    <p class='ocr_par' dir='ltr' id='par_1_6' title="bbox 676 970 3079 1695">
     <span class='ocr_line' id='line_1_7' title="bbox 1587 970 1798 1053; baseline 0 -14"><span class='ocrx_word' id='word_1_31' title='bbox 1587 974 1628 1039; x_wconf 86' lang='grc'><strong>4</strong></span> <span class='ocrx_word' id='word_1_32' title='bbox 1651 970 1732 1053; x_wconf 63' lang='lat'>4·</span> <span class='ocrx_word' id='word_1_33' title='bbox 1760 974 1798 1039; x_wconf 86' lang='lat'><strong>5</strong></span> 
     </span>
     <span class='ocr_line' id='line_1_8' title="bbox 676 1074 3076 1168; baseline -0.002 -20"><span class='ocrx_word' id='word_1_34' title='bbox 676 1082 1087 1164; x_wconf 81' lang='lat' dir='ltr'>Quaternioni</span> <span class='ocrx_word' id='word_1_35' title='bbox 1151 1080 1239 1148; x_wconf 89' lang='grc'>29</span> <span class='ocrx_word' id='word_1_36' title='bbox 1286 1081 1445 1168; x_wconf 88' lang='grc' dir='ltr'><strong><em>(λα’)</em></strong></span> <span class='ocrx_word' id='word_1_37' title='bbox 1483 1083 1768 1167; x_wconf 87' lang='lat' dir='ltr'>primum</span> <span class='ocrx_word' id='word_1_38' title='bbox 1815 1078 2045 1145; x_wconf 87' lang='lat' dir='ltr'>folium</span> <span class='ocrx_word' id='word_1_39' title='bbox 2096 1081 2447 1147; x_wconf 77' lang='lat' dir='ltr'>abscissum</span> <span class='ocrx_word' id='word_1_40' title='bbox 2488 1086 2586 1145; x_wconf 84' lang='lat' dir='ltr'>eet</span> <span class='ocrx_word' id='word_1_41' title='bbox 2622 1082 2791 1145; x_wconf 89' lang='lat' dir='ltr'>inter</span> <span class='ocrx_word' id='word_1_42' title='bbox 2827 1078 2874 1142; x_wconf 81' lang='lat' dir='ltr'>f.</span> <span class='ocrx_word' id='word_1_43' title='bbox 2917 1074 3076 1143; x_wconf 75' lang='lat'><em>222¹</em></span> 
     </span>
     <span class='ocr_line' id='line_1_9' title="bbox 678 1184 3079 1274; baseline -0.003 -18"><span class='ocrx_word' id='word_1_44' title='bbox 678 1196 744 1256; x_wconf 86' lang='lat' dir='ltr'>et</span> <span class='ocrx_word' id='word_1_45' title='bbox 804 1188 961 1254; x_wconf 87' lang='grc'><strong>223.</strong></span> <span class='ocrx_word' id='word_1_46' title='bbox 1031 1186 1412 1255; x_wconf 83' lang='lat' dir='ltr'>Continebat</span> <span class='ocrx_word' id='word_1_47' title='bbox 1477 1208 1551 1253; x_wconf 90' lang='lat' dir='ltr'>ea</span> <span class='ocrx_word' id='word_1_48' title='bbox 1615 1206 1776 1274; x_wconf 84' lang='lat' dir='ltr'>quae</span> <span class='ocrx_word' id='word_1_49' title='bbox 1822 1185 1896 1249; x_wconf 88' lang='lat' dir='ltr'>L.</span> <span class='ocrx_word' id='word_1_50' title='bbox 1943 1185 2066 1265; x_wconf 83' lang='lat'>48,</span> <span class='ocrx_word' id='word_1_51' title='bbox 2113 1208 2165 1251; x_wconf 91' lang='lat' dir='ltr'>c.</span> <span class='ocrx_word' id='word_1_52' title='bbox 2208 1185 2324 1265; x_wconf 89' lang='lat'>41,</span> <span class='ocrx_word' id='word_1_53' title='bbox 2375 1184 2636 1265; x_wconf 89' lang='grc'><strong>’7-44,</strong></span> <span class='ocrx_word' id='word_1_54' title='bbox 2686 1184 2726 1252; x_wconf 83' lang='lat'><strong>3</strong></span> <span class='ocrx_word' id='word_1_55' title='bbox 2775 1205 2812 1250; x_wconf 87' lang='lat' dir='ltr'>a</span> <span class='ocrx_word' id='word_1_56' title='bbox 2859 1184 3079 1251; x_wconf 79' lang='lat' dir='ltr'>verbis</span> 
     </span>
     <span class='ocr_line' id='line_1_10' title="bbox 680 1291 3076 1380; baseline -0.001 -20"><span class='ocrx_word' id='word_1_57' title='bbox 680 1295 925 1374; x_wconf 68' lang='grc' dir='ltr'><strong><em>ἐγένετο</em></strong></span> <span class='ocrx_word' id='word_1_58' title='bbox 972 1296 1085 1373; x_wconf 75' lang='grc' dir='ltr'><strong><em>μὲν</em></strong></span> <span class='ocrx_word' id='word_1_59' title='bbox 1134 1294 1238 1359; x_wconf 73' lang='grc' dir='ltr'><strong><em>καὶ</em></strong></span> <span class='ocrx_word' id='word_1_60' title='bbox 1290 1314 1489 1380; x_wconf 76' lang='lat' dir='ltr'>usque</span> <span class='ocrx_word' id='word_1_61' title='bbox 1530 1292 1609 1359; x_wconf 85' lang='lat' dir='ltr'>ad</span> <span class='ocrx_word' id='word_1_62' title='bbox 1658 1293 1832 1371; x_wconf 72' lang='grc' dir='ltr'><strong><em>μετὰ</em></strong></span> <span class='ocrx_word' id='word_1_63' title='bbox 1873 1298 1978 1357; x_wconf 79' lang='grc' dir='ltr'>τοῦ</span> <span class='ocrx_word' id='word_1_64' title='bbox 2017 1292 2320 1373; x_wconf 83' lang='grc' dir='ltr'><strong><em>Καίσαρος</em></strong></span> <span class='ocrx_word' id='word_1_65' title='bbox 2353 1292 2661 1379; x_wconf 78' lang='lat' dir='ltr'>leguntur</span> <span class='ocrx_word' id='word_1_66' title='bbox 2703 1294 2771 1357; x_wconf 89' lang='lat' dir='ltr'>in</span> <span class='ocrx_word' id='word_1_67' title='bbox 2811 1291 3076 1357; x_wconf 74' lang='lat' dir='ltr'>Veneto-</span> 
     </span>
     <span class='ocr_line' id='line_1_11' title="bbox 678 1397 3078 1485; baseline -0.002 -18"><span class='ocrx_word' id='word_1_68' title='bbox 678 1400 933 1467; x_wconf 82' lang='lat' dir='ltr'>Ultimo</span> <span class='ocrx_word' id='word_1_69' title='bbox 995 1400 1266 1485; x_wconf 90' lang='lat' dir='ltr'>denique</span> <span class='ocrx_word' id='word_1_70' title='bbox 1325 1401 1726 1484; x_wconf 76' lang='lat' dir='ltr'><strong>quaternioni</strong></span> <span class='ocrx_word' id='word_1_71' title='bbox 1791 1400 1952 1485; x_wconf 59' lang='grc' dir='ltr'>(λγ)</span> <span class='ocrx_word' id='word_1_72' title='bbox 2019 1400 2317 1484; x_wconf 83' lang='lat' dir='ltr'>quintum</span> <span class='ocrx_word' id='word_1_73' title='bbox 2385 1397 2615 1465; x_wconf 88' lang='lat' dir='ltr'>folium</span> <span class='ocrx_word' id='word_1_74' title='bbox 2673 1398 2850 1465; x_wconf 79' lang='lat' dir='ltr'>deest</span> <span class='ocrx_word' id='word_1_75' title='bbox 2907 1398 3078 1463; x_wconf 88' lang='lat' dir='ltr'>inter</span> 
     </span>
     <span class='ocr_line' id='line_1_12' title="bbox 677 1501 3075 1593; baseline -0.002 -20"><span class='ocrx_word' id='word_1_76' title='bbox 677 1506 725 1573; x_wconf 89' lang='lat' dir='ltr'>f.</span> <span class='ocrx_word' id='word_1_77' title='bbox 774 1506 925 1572; x_wconf 76' lang='lat'>241¹</span> <span class='ocrx_word' id='word_1_78' title='bbox 989 1511 1053 1571; x_wconf 92' lang='lat' dir='ltr'>et</span> <span class='ocrx_word' id='word_1_79' title='bbox 1116 1504 1273 1571; x_wconf 83' lang='grc'>242.</span> <span class='ocrx_word' id='word_1_80' title='bbox 1336 1504 1745 1571; x_wconf 82' lang='lat' dir='ltr'>Desideratur</span> <span class='ocrx_word' id='word_1_81' title='bbox 1791 1506 1996 1593; x_wconf 82' lang='lat' dir='ltr'>igitur</span> <span class='ocrx_word' id='word_1_82' title='bbox 2044 1502 2078 1580; x_wconf 78' lang='grc' dir='ltr'><strong><em>ἢ</em></strong></span> <span class='ocrx_word' id='word_1_83' title='bbox 2128 1501 2227 1569; x_wconf 75' lang='grc' dir='ltr'>ἵνα</span> <span class='ocrx_word' id='word_1_84' title='bbox 2274 1504 2413 1581; x_wconf 74' lang='grc' dir='ltr'>τοὺς</span> <span class='ocrx_word' id='word_1_85' title='bbox 2463 1505 2816 1585; x_wconf 75' lang='grc' dir='ltr'><strong><em>Ἀρμενίους</em></strong></span> <span class='ocrx_word' id='word_1_86' title='bbox 2869 1524 3075 1590; x_wconf 81' lang='lat' dir='ltr'>usque</span> 
     </span>
     <span class='ocr_line' id='line_1_13' title="bbox 678 1608 2233 1695; baseline -0.001 -16"><span class='ocrx_word' id='word_1_87' title='bbox 678 1614 759 1679; x_wconf 83' lang='lat' dir='ltr'>ad</span> <span class='ocrx_word' id='word_1_88' title='bbox 806 1612 1312 1694; x_wconf 79' lang='grc' dir='ltr'><strong><em>Φιλοτιμούμενοι</em></strong></span> <span class='ocrx_word' id='word_1_89' title='bbox 1362 1612 1465 1675; x_wconf 73' lang='grc' dir='ltr'>καὶ</span> <span class='ocrx_word' id='word_1_90' title='bbox 1515 1610 1637 1688; x_wconf 86' lang='grc'>49,</span> <span class='ocrx_word' id='word_1_91' title='bbox 1690 1610 1814 1687; x_wconf 87' lang='grc'>39,</span> <span class='ocrx_word' id='word_1_92' title='bbox 1867 1608 2126 1695; x_wconf 83' lang='lat'>5—42,</span> <span class='ocrx_word' id='word_1_93' title='bbox 2171 1609 2233 1678; x_wconf 87' lang='lat'>3.</span> 
     </span>
    </p>

    <p class='ocr_par' dir='ltr' id='par_1_7' title="bbox 676 1712 3072 1909">
     <span class='ocr_line' id='line_1_14' title="bbox 770 1712 3072 1798; baseline -0.001 -16"><span class='ocrx_word' id='word_1_94' title='bbox 770 1717 1024 1798; x_wconf 81' lang='lat' dir='ltr'>Quanto</span> <span class='ocrx_word' id='word_1_95' title='bbox 1068 1720 1313 1783; x_wconf 87' lang='lat' dir='ltr'>auctior</span> <span class='ocrx_word' id='word_1_96' title='bbox 1360 1716 1513 1782; x_wconf 87' lang='lat' dir='ltr'>olim</span> <span class='ocrx_word' id='word_1_97' title='bbox 1563 1715 1760 1781; x_wconf 88' lang='lat' dir='ltr'>fuerit</span> <span class='ocrx_word' id='word_1_98' title='bbox 1801 1716 1867 1780; x_wconf 90' lang='lat' dir='ltr'>in</span> <span class='ocrx_word' id='word_1_99' title='bbox 1909 1712 2031 1781; x_wconf 89' lang='lat' dir='ltr'>fine</span> <span class='ocrx_word' id='word_1_100' title='bbox 2064 1716 2396 1782; x_wconf 77' lang='lat' dir='ltr'>Mediceus</span> <span class='ocrx_word' id='word_1_101' title='bbox 2428 1716 2622 1782; x_wconf 80' lang='lat' dir='ltr'>codex</span> <span class='ocrx_word' id='word_1_102' title='bbox 2647 1715 2869 1781; x_wconf 82' lang='lat' dir='ltr'>statim</span> <span class='ocrx_word' id='word_1_103' title='bbox 2896 1713 3072 1782; x_wconf 83' lang='lat' dir='ltr'>vide-</span> 
     </span>
     <span class='ocr_line' id='line_1_15' title="bbox 676 1820 2226 1909; baseline -0.002 -20"><span class='ocrx_word' id='word_1_104' title='bbox 676 1825 892 1889; x_wconf 82' lang='lat' dir='ltr'>bimus</span> <span class='ocrx_word' id='word_1_105' title='bbox 937 1826 1007 1887; x_wconf 93' lang='lat' dir='ltr'>in</span> <span class='ocrx_word' id='word_1_106' title='bbox 1054 1824 1473 1909; x_wconf 79' lang='lat' dir='ltr'>descriptione</span> <span class='ocrx_word' id='word_1_107' title='bbox 1522 1820 1758 1887; x_wconf 82' lang='lat' dir='ltr'>codicis</span> <span class='ocrx_word' id='word_1_108' title='bbox 1805 1820 2098 1888; x_wconf 86' lang='lat' dir='ltr'>Vaticani</span> <span class='ocrx_word' id='word_1_109' title='bbox 2149 1835 2226 1888; x_wconf 85' lang='lat' dir='ltr'>A.</span> 
     </span>
    </p>

    <p class='ocr_par' dir='ltr' id='par_1_8' title="bbox 676 1925 3072 2420">
     <span class='ocr_line' id='line_1_16' title="bbox 768 1925 3070 2015; baseline -0.001 -22"><span class='ocrx_word' id='word_1_110' title='bbox 768 1928 1059 2015; x_wconf 77' lang='lat' dir='ltr'>Singulis</span> <span class='ocrx_word' id='word_1_111' title='bbox 1122 1928 1304 1995; x_wconf 78' lang='lat' dir='ltr'>libris</span> <span class='ocrx_word' id='word_1_112' title='bbox 1365 1929 1471 1993; x_wconf 87' lang='lat' dir='ltr'>hic</span> <span class='ocrx_word' id='word_1_113' title='bbox 1530 1925 1764 1993; x_wconf 80' lang='lat' dir='ltr'>titulus</span> <span class='ocrx_word' id='word_1_114' title='bbox 1827 1926 2142 2013; x_wconf 75' lang='lat' dir='ltr'>praefixus</span> <span class='ocrx_word' id='word_1_115' title='bbox 2201 1932 2333 1995; x_wconf 80' lang='lat' dir='ltr'>eet:</span> <span class='ocrx_word' id='word_1_116' title='bbox 2397 1928 2547 1994; x_wconf 71' lang='grc' dir='ltr'>τάδε</span> <span class='ocrx_word' id='word_1_117' title='bbox 2599 1926 2829 1995; x_wconf 77' lang='grc' dir='ltr'><strong><em>ἔνεστιν</em></strong></span> <span class='ocrx_word' id='word_1_118' title='bbox 2877 1928 2938 1992; x_wconf 79' lang='grc' dir='ltr'><strong><em>ἐν</em></strong></span> <span class='ocrx_word' id='word_1_119' title='bbox 2983 1928 3070 2009; x_wconf 74' lang='grc' dir='ltr'>τῷ·</span> 
     </span>
     <span class='ocr_line' id='line_1_17' title="bbox 676 2020 3072 2121; baseline -0.001 -20"><span class='ocrx_word' id='word_1_120' title='bbox 676 2021 777 2117; x_wconf 61' lang='grc' dir='ltr'>Ξῖ</span> <span class='ocrx_word' id='word_1_121' title='bbox 823 2020 942 2121; x_wconf 57' lang='grc' dir='ltr'>(Ξῖ</span> <span class='ocrx_word' id='word_1_122' title='bbox 996 2036 1160 2121; x_wconf 84' lang='lat' dir='ltr'>sqq.)</span> <span class='ocrx_word' id='word_1_123' title='bbox 1207 2036 1323 2099; x_wconf 76' lang='grc' dir='ltr'><strong><em>τῶν</em></strong></span> <span class='ocrx_word' id='word_1_124' title='bbox 1376 2034 1597 2105; x_wconf 87' lang='grc' dir='ltr'><strong><em>Δίωνος</em></strong></span> <span class='ocrx_word' id='word_1_125' title='bbox 1646 2036 1997 2112; x_wconf 75' lang='grc' dir='ltr'><strong><em>ῥωμαικῶν,</em></strong></span> <span class='ocrx_word' id='word_1_126' title='bbox 2048 2036 2160 2118; x_wconf 91' lang='lat' dir='ltr'>qui</span> <span class='ocrx_word' id='word_1_127' title='bbox 2209 2036 2276 2099; x_wconf 89' lang='lat' dir='ltr'>in</span> <span class='ocrx_word' id='word_1_128' title='bbox 2325 2035 2457 2101; x_wconf 79' lang='lat' dir='ltr'>eolo</span> <span class='ocrx_word' id='word_1_129' title='bbox 2504 2035 2670 2101; x_wconf 90' lang='lat' dir='ltr'>libro</span> <span class='ocrx_word' id='word_1_130' title='bbox 2719 2033 2802 2101; x_wconf 85' lang='lat'>4¹7</span> <span class='ocrx_word' id='word_1_131' title='bbox 2853 2036 2960 2112; x_wconf 88' lang='lat' dir='ltr'>(ut</span> <span class='ocrx_word' id='word_1_132' title='bbox 3001 2034 3072 2098; x_wconf 91' lang='lat' dir='ltr'>in</span> 
     </span>
     <span class='ocr_line' id='line_1_18' title="bbox 681 2138 3072 2225; baseline -0.002 -17"><span class='ocrx_word' id='word_1_133' title='bbox 681 2141 929 2208; x_wconf 88' lang='lat' dir='ltr'>Veneto</span> <span class='ocrx_word' id='word_1_134' title='bbox 978 2152 1031 2207; x_wconf 81' lang='lat' dir='ltr'>A</span> <span class='ocrx_word' id='word_1_135' title='bbox 1084 2148 1357 2225; x_wconf 89' lang='lat' dir='ltr'>quoque)</span> <span class='ocrx_word' id='word_1_136' title='bbox 1403 2140 1469 2205; x_wconf 90' lang='lat' dir='ltr'>in</span> <span class='ocrx_word' id='word_1_137' title='bbox 1517 2140 1685 2204; x_wconf 86' lang='lat' dir='ltr'>hunc</span> <span class='ocrx_word' id='word_1_138' title='bbox 1735 2140 2001 2205; x_wconf 90' lang='lat' dir='ltr'>modum</span> <span class='ocrx_word' id='word_1_139' title='bbox 2051 2146 2338 2206; x_wconf 81' lang='lat' dir='ltr'>mutatus</span> <span class='ocrx_word' id='word_1_140' title='bbox 2379 2146 2508 2207; x_wconf 83' lang='lat' dir='ltr'>est:</span> <span class='ocrx_word' id='word_1_141' title='bbox 2547 2140 2700 2205; x_wconf 69' lang='grc' dir='ltr'>τάδε</span> <span class='ocrx_word' id='word_1_142' title='bbox 2739 2138 2970 2205; x_wconf 83' lang='grc' dir='ltr'><strong><em>ἔνεστιν</em></strong></span> <span class='ocrx_word' id='word_1_143' title='bbox 3009 2140 3072 2203; x_wconf 81' lang='grc' dir='ltr'><strong><em>ἐν</em></strong></span> 
     </span>
     <span class='ocr_line' id='line_1_19' title="bbox 678 2232 3072 2332; baseline -0 -20"><span class='ocrx_word' id='word_1_144' title='bbox 678 2257 757 2329; x_wconf 71' lang='grc' dir='ltr'>τῇ</span> <span class='ocrx_word' id='word_1_145' title='bbox 824 2247 1049 2319; x_wconf 79' lang='grc' dir='ltr'><strong><em>Δίωνος</em></strong></span> <span class='ocrx_word' id='word_1_146' title='bbox 1111 2250 1427 2329; x_wconf 68' lang='grc' dir='ltr'><strong><em>ῥωμαικῶν</em></strong></span> <span class='ocrx_word' id='word_1_147' title='bbox 1481 2232 1601 2327; x_wconf 49' lang='lat' dir='ltr'>R.</span> <span class='ocrx_word' id='word_1_148' title='bbox 1674 2244 2217 2330; x_wconf 74' lang='lat' dir='ltr'>Subscriptionem</span> <span class='ocrx_word' id='word_1_149' title='bbox 2278 2248 2614 2332; x_wconf 76' lang='lat' dir='ltr'>quinquies</span> <span class='ocrx_word' id='word_1_150' title='bbox 2659 2247 2940 2313; x_wconf 75' lang='lat' dir='ltr'>variavit</span> <span class='ocrx_word' id='word_1_151' title='bbox 2987 2246 3072 2311; x_wconf 86' lang='lat' dir='ltr'>li-</span> 
     </span>
     <span class='ocr_line' id='line_1_20' title="bbox 677 2355 955 2420; baseline -0.007 -1"><span class='ocrx_word' id='word_1_152' title='bbox 677 2355 955 2420; x_wconf 80' lang='lat' dir='ltr'>brariue:</span> 
     </span>
    </p>

    <p class='ocr_par' dir='ltr' id='par_1_9' title="bbox 856 2442 2856 2646">
     <span class='ocr_line' id='line_1_21' title="bbox 860 2442 2856 2541; baseline -0.001 -18"><span class='ocrx_word' id='word_1_153' title='bbox 860 2458 1058 2528; x_wconf 80' lang='grc' dir='ltr'><strong><em>δίωνος</em></strong></span> <span class='ocrx_word' id='word_1_154' title='bbox 1106 2459 1413 2537; x_wconf 76' lang='grc' dir='ltr'><strong><em>ρωμαικῆς</em></strong></span> <span class='ocrx_word' id='word_1_155' title='bbox 1463 2457 1728 2537; x_wconf 70' lang='grc' dir='ltr'><strong><em>ἱστορίας</em></strong></span> <span class='ocrx_word' id='word_1_156' title='bbox 1780 2442 1888 2535; x_wconf 59' lang='lat' dir='ltr'>svs,</span> <span class='ocrx_word' id='word_1_157' title='bbox 1945 2442 2051 2535; x_wconf 63' lang='grc' dir='ltr'>λῖ,</span> <span class='ocrx_word' id='word_1_158' title='bbox 2104 2444 2192 2536; x_wconf 61' lang='grc' dir='ltr'>ᾗ,</span> <span class='ocrx_word' id='word_1_159' title='bbox 2239 2444 2372 2538; x_wconf 61' lang='grc' dir='ltr'>μῖ,</span> <span class='ocrx_word' id='word_1_160' title='bbox 2420 2446 2543 2539; x_wconf 52' lang='grc' dir='ltr'>ᾖε,</span> <span class='ocrx_word' id='word_1_161' title='bbox 2591 2445 2718 2541; x_wconf 64' lang='grc' dir='ltr'>ἶξ,</span> <span class='ocrx_word' id='word_1_162' title='bbox 2757 2444 2856 2538; x_wconf 48' lang='lat' dir='ltr'>’fa—0*</span> 
     </span>
     <span class='ocr_line' id='line_1_22' title="bbox 856 2550 1868 2646; baseline -0.001 -14"><span class='ocrx_word' id='word_1_163' title='bbox 856 2566 1052 2638; x_wconf 78' lang='grc' dir='ltr'><strong><em>δίωνος</em></strong></span> <span class='ocrx_word' id='word_1_164' title='bbox 1104 2567 1409 2646; x_wconf 76' lang='grc' dir='ltr'><strong><em>ῥωμαικῆς</em></strong></span> <span class='ocrx_word' id='word_1_165' title='bbox 1770 2550 1868 2641; x_wconf 59' lang='lat' dir='ltr'>Ei</span> 
     </span>
    </p>

    <p class='ocr_par' dir='ltr' id='par_1_10' title="bbox 853 2657 2189 2752">
     <span class='ocr_line' id='line_1_23' title="bbox 853 2657 2189 2752; baseline -0.003 -15"><span class='ocrx_word' id='word_1_166' title='bbox 853 2672 1050 2744; x_wconf 71' lang='grc' dir='ltr'><strong><em>Βίωνος</em></strong></span> <span class='ocrx_word' id='word_1_167' title='bbox 1100 2675 1417 2752; x_wconf 79' lang='grc' dir='ltr'><strong><em>ῥωμαικῶν</em></strong></span> <span class='ocrx_word' id='word_1_168' title='bbox 1470 2672 1738 2752; x_wconf 78' lang='grc' dir='ltr'><strong><em>ἱστορίας</em></strong></span> <span class='ocrx_word' id='word_1_169' title='bbox 1787 2669 2040 2748; x_wconf 90' lang='grc' dir='ltr'><strong><em>βιβλίον</em></strong></span> <span class='ocrx_word' id='word_1_170' title='bbox 2087 2657 2189 2750; x_wconf 64' lang='grc' dir='ltr'>(ῖβ</span> 
     </span>
    </p>

    <p class='ocr_par' dir='ltr' id='par_1_11' title="bbox 852 2763 2060 2860">
     <span class='ocr_line' id='line_1_24' title="bbox 852 2763 2060 2860; baseline -0.001 -16"><span class='ocrx_word' id='word_1_171' title='bbox 852 2778 1051 2851; x_wconf 77' lang='grc' dir='ltr'><strong><em>δίωνος</em></strong></span> <span class='ocrx_word' id='word_1_172' title='bbox 1101 2781 1415 2858; x_wconf 80' lang='grc' dir='ltr'><strong><em>ῥωμαικῶν</em></strong></span> <span class='ocrx_word' id='word_1_173' title='bbox 1466 2778 1735 2860; x_wconf 72' lang='grc' dir='ltr'><strong><em>ἱστορίας</em></strong></span> <span class='ocrx_word' id='word_1_174' title='bbox 1785 2763 1921 2856; x_wconf 54' lang='grc' dir='ltr'>ᾗ,</span> <span class='ocrx_word' id='word_1_175' title='bbox 1959 2763 2060 2855; x_wconf 58' lang='grc' dir='ltr'><strong><em>ἷῖ</em></strong></span> 
     </span>
    </p>
   </div>
   <div class='ocr_carea' id='block_1_3' title="bbox 852 2882 2226 2971">
    <p class='ocr_par' dir='ltr' id='par_1_12' title="bbox 852 2882 2226 2971">
     <span class='ocr_line' id='line_1_25' title="bbox 852 2882 2226 2971; baseline -0.001 -21"><span class='ocrx_word' id='word_1_176' title='bbox 852 2882 1053 2957; x_wconf 68' lang='grc' dir='ltr'><strong><em>Βίωνος</em></strong></span> <span class='ocrx_word' id='word_1_177' title='bbox 1101 2887 1417 2966; x_wconf 71' lang='grc' dir='ltr'><strong><em>ῥωμαικῶν</em></strong></span> <span class='ocrx_word' id='word_1_178' title='bbox 1784 2899 1902 2962; x_wconf 76' lang='grc' dir='ltr'>λς,</span> <span class='ocrx_word' id='word_1_179' title='bbox 1950 2884 2065 2971; x_wconf 81' lang='grc' dir='ltr'>λζ,</span> <span class='ocrx_word' id='word_1_180' title='bbox 2113 2909 2226 2963; x_wconf 77' lang='grc' dir='ltr'>μς.</span> 
     </span>
    </p>
   </div>
   <div class='ocr_carea' id='block_1_4' title="bbox 1380 3170 2358 3259">
    <p class='ocr_par' dir='ltr' id='par_1_13' title="bbox 1380 3170 2358 3259">
     <span class='ocr_line' id='line_1_26' title="bbox 1380 3170 2358 3259; baseline 0.003 -20"><span class='ocrx_word' id='word_1_181' title='bbox 1380 3170 1594 3239; x_wconf 83' lang='lat' dir='ltr'>Codex</span> <span class='ocrx_word' id='word_1_182' title='bbox 1642 3172 1990 3239; x_wconf 79' lang='lat' dir='ltr'>Vatioanus</span> <span class='ocrx_word' id='word_1_183' title='bbox 2044 3173 2174 3238; x_wconf 85' lang='lat'>144</span> <span class='ocrx_word' id='word_1_184' title='bbox 2219 3176 2358 3259; x_wconf 84' lang='lat' dir='ltr'><strong>(A).</strong></span> 
     </span>
    </p>
   </div>
   <div class='ocr_carea' id='block_1_5' title="bbox 670 3433 3062 4472">
    <p class='ocr_par' dir='ltr' id='par_1_14' title="bbox 670 3433 3062 4249">
     <span class='ocr_line' id='line_1_27' title="bbox 762 3433 3060 3519; baseline 0 -20"><span class='ocrx_word' id='word_1_185' title='bbox 762 3433 1065 3519; x_wconf 82' lang='lat' dir='ltr'>Sequitur</span> <span class='ocrx_word' id='word_1_186' title='bbox 1120 3435 1250 3499; x_wconf 86' lang='lat' dir='ltr'>iam</span> <span class='ocrx_word' id='word_1_187' title='bbox 1274 3479 1291 3512; x_wconf 86' lang='lat'>‚</span> <span class='ocrx_word' id='word_1_188' title='bbox 1351 3453 1541 3519; x_wconf 86' lang='lat' dir='ltr'>quem</span> <span class='ocrx_word' id='word_1_189' title='bbox 1600 3434 2106 3516; x_wconf 77' lang='lat' dir='ltr'>recensebimus,</span> <span class='ocrx_word' id='word_1_190' title='bbox 2170 3433 2364 3499; x_wconf 85' lang='lat' dir='ltr'>codex</span> <span class='ocrx_word' id='word_1_191' title='bbox 2421 3436 2586 3499; x_wconf 88' lang='lat' dir='ltr'>inter</span> <span class='ocrx_word' id='word_1_192' title='bbox 2633 3433 2910 3500; x_wconf 82' lang='lat' dir='ltr'>Graecos</span> <span class='ocrx_word' id='word_1_193' title='bbox 2959 3436 3060 3500; x_wconf 87' lang='lat' dir='ltr'>bi-</span> 
     </span>
     <span class='ocr_line' id='line_1_28' title="bbox 671 3537 3058 3626; baseline -0 -19"><span class='ocrx_word' id='word_1_194' title='bbox 671 3539 1025 3607; x_wconf 85' lang='lat' dir='ltr'>bliothecae</span> <span class='ocrx_word' id='word_1_195' title='bbox 1088 3537 1437 3606; x_wconf 87' lang='lat' dir='ltr'>Vaticanae</span> <span class='ocrx_word' id='word_1_196' title='bbox 1500 3559 1768 3606; x_wconf 89' lang='lat' dir='ltr'>numero</span> <span class='ocrx_word' id='word_1_197' title='bbox 1833 3537 1962 3603; x_wconf 81' lang='lat'>144</span> <span class='ocrx_word' id='word_1_198' title='bbox 2023 3541 2392 3626; x_wconf 76' lang='lat' dir='ltr'>insignitus.</span> <span class='ocrx_word' id='word_1_199' title='bbox 2481 3538 2868 3607; x_wconf 84' lang='lat' dir='ltr'>Chartaceue</span> <span class='ocrx_word' id='word_1_200' title='bbox 2920 3549 3020 3608; x_wconf 81' lang='lat' dir='ltr'>est</span> <span class='ocrx_word' id='word_1_201' title='bbox 3041 3589 3058 3617; x_wconf 90' lang='lat'><strong>,</strong></span> 
     </span>
     <span class='ocr_line' id='line_1_29' title="bbox 674 3642 3062 3732; baseline 0 -20"><span class='ocrx_word' id='word_1_202' title='bbox 674 3646 915 3712; x_wconf 81' lang='lat' dir='ltr'>formae</span> <span class='ocrx_word' id='word_1_203' title='bbox 982 3644 1323 3731; x_wconf 78' lang='lat' dir='ltr'>quadratae</span> <span class='ocrx_word' id='word_1_204' title='bbox 1343 3691 1360 3721; x_wconf 89' lang='lat'>,</span> <span class='ocrx_word' id='word_1_205' title='bbox 1425 3644 1726 3709; x_wconf 84' lang='lat' dir='ltr'>foliorum</span> <span class='ocrx_word' id='word_1_206' title='bbox 1774 3642 1908 3709; x_wconf 83' lang='lat'>282</span> <span class='ocrx_word' id='word_1_207' title='bbox 1928 3693 1947 3730; x_wconf 87' lang='lat'>,</span> <span class='ocrx_word' id='word_1_208' title='bbox 1995 3665 2157 3710; x_wconf 89' lang='lat' dir='ltr'>anno</span> <span class='ocrx_word' id='word_1_209' title='bbox 2211 3644 2381 3710; x_wconf 87' lang='grc'><strong>1439</strong></span> <span class='ocrx_word' id='word_1_210' title='bbox 2428 3646 2817 3732; x_wconf 79' lang='lat' dir='ltr'>perscriptus</span> <span class='ocrx_word' id='word_1_211' title='bbox 2865 3652 2939 3712; x_wconf 90' lang='lat' dir='ltr'>ut</span> <span class='ocrx_word' id='word_1_212' title='bbox 2983 3669 3062 3712; x_wconf 85' lang='lat' dir='ltr'>ex</span> 
     </span>
     <span class='ocr_line' id='line_1_30' title="bbox 670 3737 3060 3836; baseline 0 -18"><span class='ocrx_word' id='word_1_213' title='bbox 670 3752 1133 3836; x_wconf 77' lang='lat' dir='ltr'>subscriptione</span> <span class='ocrx_word' id='word_1_214' title='bbox 1193 3755 1406 3835; x_wconf 81' lang='lat' dir='ltr'>patet:</span> <span class='ocrx_word' id='word_1_215' title='bbox 1470 3750 1782 3823; x_wconf 77' lang='grc' dir='ltr'><strong><em>ἐτελειώθη</em></strong></span> <span class='ocrx_word' id='word_1_216' title='bbox 1835 3751 1895 3814; x_wconf 78' lang='grc' dir='ltr'><strong><em>ἐν</em></strong></span> <span class='ocrx_word' id='word_1_217' title='bbox 1942 3747 2066 3815; x_wconf 77' lang='grc' dir='ltr'><strong><em>ἔτει</em></strong></span> <span class='ocrx_word' id='word_1_218' title='bbox 2111 3737 2187 3816; x_wconf 63' lang='grc' dir='ltr'>ἷ·’</span> <span class='ocrx_word' id='word_1_219' title='bbox 2225 3737 2310 3816; x_wconf 57' lang='grc' dir='ltr'>λ’</span> <span class='ocrx_word' id='word_1_220' title='bbox 2357 3739 2475 3831; x_wconf 59' lang='grc' dir='ltr'>ριξ·</span> <span class='ocrx_word' id='word_1_221' title='bbox 2525 3752 2877 3826; x_wconf 76' lang='grc' dir='ltr'><strong><em>ἲνδικτιῶνος</em></strong></span> <span class='ocrx_word' id='word_1_222' title='bbox 2928 3751 3060 3818; x_wconf 78' lang='grc' dir='ltr'><strong><em>δευ-</em></strong></span> 
     </span>
     <span class='ocr_line' id='line_1_31' title="bbox 670 3855 3059 3944; baseline 0.002 -24"><span class='ocrx_word' id='word_1_223' title='bbox 670 3857 848 3936; x_wconf 74' lang='grc' dir='ltr'><strong><em>τέρας</em></strong></span> <span class='ocrx_word' id='word_1_224' title='bbox 916 3856 977 3919; x_wconf 82' lang='grc' dir='ltr'><strong><em>ἐν</em></strong></span> <span class='ocrx_word' id='word_1_225' title='bbox 1040 3856 1182 3933; x_wconf 77' lang='grc' dir='ltr'><strong><em>μηνὶ</em></strong></span> <span class='ocrx_word' id='word_1_226' title='bbox 1252 3856 1481 3936; x_wconf 82' lang='grc' dir='ltr'><strong><em>Ἰουλίῳ</em></strong></span> <span class='ocrx_word' id='word_1_227' title='bbox 1509 3904 1526 3920; x_wconf 92' lang='grc'><strong>.</strong></span> <span class='ocrx_word' id='word_1_228' title='bbox 1555 3903 1570 3919; x_wconf 92' lang='grc'><strong>.</strong></span> <span class='ocrx_word' id='word_1_229' title='bbox 1596 3903 1611 3920; x_wconf 93' lang='grc'><strong>.</strong></span> <span class='ocrx_word' id='word_1_230' title='bbox 1645 3902 1662 3918; x_wconf 90' lang='grc'><strong>.</strong></span> <span class='ocrx_word' id='word_1_231' title='bbox 1690 3903 1707 3919; x_wconf 94' lang='grc'><strong>.</strong></span> <span class='ocrx_word' id='word_1_232' title='bbox 1733 3901 1748 3920; x_wconf 92' lang='grc'><strong>.</strong></span> <span class='ocrx_word' id='word_1_233' title='bbox 1781 3903 1799 3920; x_wconf 93' lang='grc'><strong>.</strong></span> <span class='ocrx_word' id='word_1_234' title='bbox 1863 3857 1908 3920; x_wconf 90' lang='lat' dir='ltr'>i.</span> <span class='ocrx_word' id='word_1_235' title='bbox 1937 3879 1990 3921; x_wconf 84' lang='lat' dir='ltr'>e.</span> <span class='ocrx_word' id='word_1_236' title='bbox 2041 3877 2203 3922; x_wconf 89' lang='lat' dir='ltr'>anno</span> <span class='ocrx_word' id='word_1_237' title='bbox 2251 3877 2430 3923; x_wconf 87' lang='lat' dir='ltr'>aerae</span> <span class='ocrx_word' id='word_1_238' title='bbox 2478 3855 3059 3944; x_wconf 78' lang='lat' dir='ltr'>Constantinopoli-</span> 
     </span>
     <span class='ocr_line' id='line_1_32' title="bbox 670 3961 3061 4052; baseline 0 -25"><span class='ocrx_word' id='word_1_239' title='bbox 670 3975 857 4028; x_wconf 85' lang='lat' dir='ltr'>tanae</span> <span class='ocrx_word' id='word_1_240' title='bbox 908 3961 1108 4038; x_wconf 80' lang='lat'><strong>6947,</strong></span> <span class='ocrx_word' id='word_1_241' title='bbox 1155 3961 1503 4026; x_wconf 89' lang='lat' dir='ltr'>indictione</span> <span class='ocrx_word' id='word_1_242' title='bbox 1550 3961 1856 4039; x_wconf 79' lang='lat' dir='ltr'>secunda,</span> <span class='ocrx_word' id='word_1_243' title='bbox 1905 3961 2012 4027; x_wconf 88' lang='lat' dir='ltr'>die</span> <span class='ocrx_word' id='word_1_244' title='bbox 2038 4009 2237 4028; x_wconf 92' lang='grc'><strong>.....</strong></span> <span class='ocrx_word' id='word_1_245' title='bbox 2284 3964 2519 4028; x_wconf 77' lang='lat' dir='ltr'>mensis</span> <span class='ocrx_word' id='word_1_246' title='bbox 2555 3962 2736 4030; x_wconf 85' lang='lat' dir='ltr'>Julii.</span> <span class='ocrx_word' id='word_1_247' title='bbox 2803 3963 3061 4052; x_wconf 77' lang='lat' dir='ltr'>Integer</span> 
     </span>
     <span class='ocr_line' id='line_1_33' title="bbox 670 4068 3060 4160; baseline 0.001 -28"><span class='ocrx_word' id='word_1_248' title='bbox 670 4073 957 4134; x_wconf 77' lang='lat' dir='ltr'>servatus</span> <span class='ocrx_word' id='word_1_249' title='bbox 1004 4073 1101 4131; x_wconf 83' lang='lat' dir='ltr'>est</span> <span class='ocrx_word' id='word_1_250' title='bbox 1123 4113 1140 4144; x_wconf 89' lang='lat'><strong><em>,</em></strong></span> <span class='ocrx_word' id='word_1_251' title='bbox 1190 4074 1263 4132; x_wconf 91' lang='lat' dir='ltr'>ut</span> <span class='ocrx_word' id='word_1_252' title='bbox 1311 4087 1389 4131; x_wconf 89' lang='lat' dir='ltr'>ex</span> <span class='ocrx_word' id='word_1_253' title='bbox 1436 4069 1922 4152; x_wconf 82' lang='lat' dir='ltr'>quaternionum</span> <span class='ocrx_word' id='word_1_254' title='bbox 1971 4069 2256 4134; x_wconf 82' lang='lat' dir='ltr'>numeris</span> <span class='ocrx_word' id='word_1_255' title='bbox 2303 4068 2592 4134; x_wconf 87' lang='lat' dir='ltr'>efficitur.</span> <span class='ocrx_word' id='word_1_256' title='bbox 2663 4069 2841 4137; x_wconf 85' lang='lat' dir='ltr'>Haec</span> <span class='ocrx_word' id='word_1_257' title='bbox 2889 4073 3060 4160; x_wconf 78' lang='lat' dir='ltr'>gerit</span> 
     </span>
     <span class='ocr_line' id='line_1_34' title="bbox 670 4171 1967 4249; baseline 0 -11"><span class='ocrx_word' id='word_1_258' title='bbox 670 4175 739 4238; x_wconf 88' lang='lat' dir='ltr'>in</span> <span class='ocrx_word' id='word_1_259' title='bbox 786 4173 992 4238; x_wconf 85' lang='lat' dir='ltr'>fronte</span> <span class='ocrx_word' id='word_1_260' title='bbox 1011 4218 1029 4249; x_wconf 91' lang='lat'><strong><em>,</em></strong></span> <span class='ocrx_word' id='word_1_261' title='bbox 1082 4191 1281 4238; x_wconf 87' lang='lat' dir='ltr'>manu</span> <span class='ocrx_word' id='word_1_262' title='bbox 1326 4174 1669 4238; x_wconf 88' lang='lat' dir='ltr'>recentiore</span> <span class='ocrx_word' id='word_1_263' title='bbox 1715 4171 1967 4238; x_wconf 85' lang='lat' dir='ltr'>addita:</span> 
     </span>
    </p>

    <p class='ocr_par' dir='ltr' id='par_1_15' title="bbox 671 4278 3048 4472">
     <span class='ocr_line' id='line_1_35' title="bbox 1769 4278 2775 4372; baseline 0.001 -28"><span class='ocrx_word' id='word_1_264' title='bbox 1769 4278 1962 4356; x_wconf 71' lang='grc' dir='ltr'><strong><em>πίναξ</em></strong></span> <span class='ocrx_word' id='word_1_265' title='bbox 2721 4335 2775 4372; x_wconf 54' lang='lat' dir='ltr'>M</span> 
     </span>
     <span class='ocr_line' id='line_1_36' title="bbox 671 4383 3048 4472; baseline 0.002 -23"><span class='ocrx_word' id='word_1_266' title='bbox 671 4383 869 4459; x_wconf 74' lang='grc' dir='ltr'><strong><em>δίωνος</em></strong></span> <span class='ocrx_word' id='word_1_267' title='bbox 915 4386 1231 4465; x_wconf 74' lang='grc' dir='ltr'><strong><em>ῥωμαικῶν</em></strong></span> <span class='ocrx_word' id='word_1_268' title='bbox 1280 4385 1547 4465; x_wconf 76' lang='grc' dir='ltr'><strong><em>ἱστοριῶν</em></strong></span> <span class='ocrx_word' id='word_1_269' title='bbox 1594 4384 1831 4462; x_wconf 81' lang='grc' dir='ltr'><strong><em>βιβλία</em></strong></span> <span class='ocrx_word' id='word_1_270' title='bbox 1879 4385 2310 4453; x_wconf 76' lang='grc' dir='ltr'><strong><em>ἐννεακαίδεκα</em></strong></span> <span class='ocrx_word' id='word_1_271' title='bbox 2359 4387 2486 4451; x_wconf 68' lang='grc' dir='ltr'>ἀπὸ</span> <span class='ocrx_word' id='word_1_272' title='bbox 2531 4393 2640 4452; x_wconf 80' lang='grc' dir='ltr'>τοῦ</span> <span class='ocrx_word' id='word_1_273' title='bbox 2687 4403 2817 4457; x_wconf 57' lang='grc' dir='ltr'>λς*</span> <span class='ocrx_word' id='word_1_274' title='bbox 2863 4389 3048 4472; x_wconf 78' lang='grc' dir='ltr'><strong><em>μέχρι</em></strong></span> 
     </span>
    </p>
   </div>
   <div class='ocr_carea' id='block_1_6' title="bbox 3286 3429 3302 4011">
    <p class='ocr_par' dir='ltr' id='par_1_16' title="bbox 3286 3429 3302 4011">
     <span class='ocr_line' id='line_1_37' title="bbox 3286 3429 3302 4011; baseline 0 0"><span class='ocrx_word' id='word_1_275' title='bbox 3286 3429 3302 4011; x_wconf 95' lang='lat' dir='ltr'> </span> 
     </span>
    </p>
   </div>
  </div>
 </body>
</html>
