3436 5161
1450 1196 2250 1305 SALLUSTIANA.

1708 1476 2018 1501 *—

764 1704 905 1793 Iug.
954 1702 997 1771 3
1016 1754 1033 1789 ,
1082 1704 1147 1771 1.
1210 1704 1449 1772 Verum
1512 1726 1591 1772 ex
1648 1705 1742 1771 eis
1803 1704 2220 1792 magistratus
2273 1706 2338 1767 et
2381 1702 2652 1787 imperia
2670 1748 2687 1777 ‚
2731 1702 3066 1785 postremo

676 1814 885 1877 omnis
928 1833 1079 1878 cura
1123 1833 1337 1877 rerum
1381 1812 1784 1898 publicarum
1831 1812 2122 1877 minume
2159 1810 2277 1875 hac
2315 1812 2692 1894 tempestate
2733 1806 3068 1891 cupiunda

674 1916 975 1984 videntur
994 1966 1011 1996 ,
1074 1922 1373 2005 qnoniam
1422 1938 1625 2005 neque
1670 1918 1903 1984 virtuti
1949 1916 2146 1983 honos
2193 1916 2382 1982 datur
2425 1934 2630 2000 neque
2671 1913 2774 1979 illi
2817 1912 3065 1998 quibus

673 2048 786 2113 per
830 2024 1117 2092 fraudem
1166 2026 1303 2109 [iis]
1350 2025 1476 2091 fuit
1520 2026 1651 2089 tuti
1695 2030 1810 2089 aut
1853 2042 1926 2090 eo
1976 2023 2186 2111 magis
2229 2022 2480 2089 honesti
2524 2024 2688 2087 sunt.

764 2132 865 2199 Ita
908 2130 1119 2199 locum
1170 2131 1367 2197 dedit.
1393 2130 1695 2197 Iordanus
1741 2132 1846 2196 cui
1891 2150 2016 2197 non
2065 2128 2382 2195 adsentior
2432 2127 2515 2192 iis
2559 2128 2810 2192 uncinis
2855 2122 3070 2189 inclu-

675 2239 871 2305 denti.
920 2236 1181 2305 Codices
1220 2238 1289 2302 in
1335 2237 1527 2304 verbo
1574 2238 1859 2314 variant,
1905 2240 2152 2323 praeter
2187 2234 2269 2299 iis
2313 2234 2410 2298 im
2433 2234 2526 2299 vis
2547 2232 2643 2297 hie
2665 2232 3063 2297 exhibentes.

675 2346 829 2432 quid
876 2342 1127 2411 multa?
1174 2344 1251 2410 de
1299 2362 1410 2409 VIA
1449 2344 1816 2410 deerrarunt
1853 2342 2261 2429 interpreteS,
2297 2358 2500 2426 neque
2524 2356 2662 2405 eam
2691 2338 3066 2425 cogitarunt

673 2449 957 2539 intelligi
1004 2471 1129 2537 qua
1176 2449 1255 2516 ad
1300 2452 1546 2515 honores
1592 2448 2030 2517 adscendatur.

762 2673 851 2740 id.
878 2671 965 2740 97
987 2722 1005 2758 ‚
1032 2671 1073 2738 5
1120 2692 1335 2739 omnes
1382 2671 1614 2758 trepidi
1657 2671 1978 2757 inproviso
2023 2675 2205 2737 metu
2253 2691 2325 2736 ac
2361 2676 2578 2736 tamen
2617 2667 2879 2734 virtutis
2917 2685 3060 2730 me·

673 2800 881 2846 mores
928 2785 1040 2846 aut
1085 2799 1263 2846 arma
1308 2780 1640 2865 capiebant
1682 2784 1799 2844 aut
1846 2777 2152 2864 capientis
2198 2776 2358 2844 alios
2396 2778 2475 2844 ab
2515 2774 2805 2841 hostibus
2843 2772 3059 2838 defen-

672 2887 926 2964 sabant;
976 2907 1119 2973 pars
1164 2907 1357 2972 equos
1402 2886 1731 2952 escendere
1749 2935 1766 2960 ,
1813 2886 2070 2951 obviam
2115 2887 2208 2950 ire
2252 2884 2576 2961 hostibus;
2618 2901 2836 2969 pugna
2858 2878 3055 2945 latro-

671 2995 837 3059 cinio
884 2994 1095 3080 magis
1141 3013 1329 3076 quam
1375 2991 1613 3078 proelio
1660 2990 1892 3056 similis
1940 2989 2108 3077 fieri3
2157 2993 2292 3056 sine
2337 2991 2541 3078 signis
2563 2991 2701 3054 sine
2723 2985 3057 3053 ordinibus

671 3099 912 3186 equites
959 3099 1327 3184 peditesque
1372 3099 1677 3185 permixti
1724 3097 1940 3164 cedere
1987 3097 2141 3162 alios
2186 3097 2343 3163 alios
2387 3097 2795 3178 obtruncare,
2853 3085 3052 3159 multi

671 3209 887 3270 contra
933 3205 1226 3271 adversos
1269 3225 1593 3271 acerrume
1640 3209 1998 3294 pugnantes
2045 3204 2124 3269 ab
2173 3208 2353 3290 tergo
2399 3203 2864 3268 circumveniri.

760 3309 833 3375 In
894 3332 962 3376 re
1028 3311 1273 3396 trepida
1335 3322 1523 3396 atque
1582 3311 1838 3376 turbata
1883 3309 2220 3376 veritatem
2269 3307 2475 3374 adhuc
2520 3307 2718 3374 latere
2764 3307 2908 3392 quis
2955 3311 3056 3377 est.

669 3420 781 3504 qui
828 3414 1139 3482 miretur?
1210 3415 1396 3483 Certe
1458 3436 1599 3482 eam
1663 3437 1788 3483 non
1837 3417 2002 3482 vidit
2047 3435 2251 3501 neque
2292 3414 2596 3481 Iordanus
2640 3415 2844 3478 cedere
2885 3413 3052 3476 alins

668 3525 831 3589 alius
876 3523 1218 3590 obtruncari
1262 3545 1463 3610 neque
1511 3522 1874 3590 Dietschius
1923 3523 2040 3586 alii
2087 3523 2205 3586 alii
2250 3523 2584 3588 coniciens.
2653 3519 2785 3586 Nos
2831 3517 3050 3585 littera

668 3637 922 3697 tantum
970 3635 1225 3696 mutata
1267 3647 1439 3696 ALIIS
1486 3629 1839 3715 reponendo
1887 3634 1952 3694 et
1997 3630 2290 3696 codicum
2342 3627 2487 3693 fidei
2533 3633 2599 3693 et
2645 3629 2736 3692 rei
2781 3628 2908 3712 ipsi
2945 3645 3047 3690 sa-

664 3739 1036 3804 tisfecimus.
1106 3737 1418 3803 Narratur
1478 3739 1650 3802 enim
1714 3757 1789 3802 ea
1845 3757 2100 3824 pugnae
2145 3715 2382 3821 species
2423 3739 2489 3800 in
2538 3755 2662 3821 qua
2709 3735 2852 3820 quis
2897 3733 3045 3798 hos·

668 3846 840 3910 tibus
900 3843 1285 3910 instantibus
1350 3842 1537 3908 modo
1586 3842 1803 3926 cedat,
1853 3843 2039 3909 modo
2088 3842 2379 3908 adversos
2425 3849 2646 3906 nactus
2693 3841 3042 3904 obtruncet.

754 3949 930 4016 Haec
956 3951 1215 4015 Frazero
1256 3969 1429 4032 mee,
1472 3947 1852 4014 Sallustium
1885 3951 1950 4013 in
1976 3964 2164 4014 usum
2193 3947 2554 4015 scholarum
2579 3967 2782 4031 nuper
2803 3945 3040 4022 edenti,

663 4058 757 4122 ita
801 4055 1047 4142 placere
1092 4062 1181 4154 ut·
1213 4057 1280 4121 in
1328 4059 1582 4120 textum
1630 4057 1936 4142 reciperet
1981 4076 2105 4123 non
2157 4051 2692 4121 dissimulandum
2736 4052 2982 4139 putavi.

802 4215 1439 4328 cantabrigiae.
2197 4239 2269 4305 r1¹.
2319 4239 2392 4305 P.
2443 4236 2904 4304 Pos‘reA‘rn.
