3436 5161
1343 402 1431 450 An
1474 399 1874 452 rnomosnm.
2669 389 2800 457 127

504 565 723 634 EPIS'P.
792 565 856 645 4,
916 587 971 636 P.
1044 568 1173 634 132
1238 594 1619 663 quamquam
1680 595 1778 638 me
1837 576 1946 639 diu
2001 597 2173 640 cum
2236 576 2404 642 ista
2464 575 2806 644 valetudine

414 677 607 739 vivere
651 679 1024 763 iampridem
1064 679 1279 764 piqeat
1327 681 1679 766 taedeatque
1696 726 1713 757 ,
1765 693 1972 745 tamen
2016 687 2165 746 cett.
2371 697 2376 700 '

474 780 801 869 Legerim
850 785 961 847 diu
1005 786 1313 849 amissa
1358 785 1722 851 valetudine.
1797 783 1896 852 Cf.
1947 785 2080 853 Cic.
2129 787 2248 873 Ep.
2295 789 2474 856 Fam.
2522 790 2634 858 IX.
2690 790 2795 859 18.

416 886 459 950 3
505 886 939 952 valetudinem
986 891 1367 955 intermissis
1414 892 1974 958 exercitationibus
2013 895 2370 960 amiseram.

502 1098 713 1168 ΕΡῙΒΤ.
772 1099 835 1180 6,
879 1121 936 1167 Ρ.
987 1099 1114 1166 133
1150 1106 1407 1191 acceptis
1445 1105 1667 1170 litteris
1706 1107 1832 1170 tuis
1859 1155 1872 1170 .
1902 1153 1918 1169 .
1948 1156 1963 1173 .
1991 1153 2007 1170 .
2049 1107 2207 1172 bona
2247 1130 2382 1195 spes
2420 1110 2580 1176 mihi
2597 1123 2798 1176 osten-

415 1217 552 1270 tata
610 1220 701 1272 est
720 1254 737 1285 ,
802 1211 969 1294 quod
994 1257 1007 1272 .
1039 1259 1054 1274 .
1085 1258 1100 1273 .
1131 1259 1145 1275 .
1203 1222 1353 1296 post
1413 1212 1846 1278 abstinentiam
1903 1214 2102 1278 tridui
2143 1225 2202 1278 et
2243 1219 2600 1301 sanquinem
2645 1219 2799 1282 satis

413 1323 656 1380 strenue
714 1327 773 1380 et
824 1327 1133 1403 prompte
1206 1318 1569 1394 demissum,
1643 1317 1970 1382 liberatum
1995 1368 2011 1384 .
2041 1364 2058 1383 .
2086 1366 2102 1382 .
2133 1366 2150 1383 .
2223 1331 2280 1384 te
2339 1322 2613 1407 periculo
2643 1371 2660 1388 .
2687 1369 2705 1388 .
2734 1371 2749 1386 .
2777 1369 2794 1386 .

409 1423 760 1487 nuntiabas.

504 1527 878 1614 Legendum
944 1534 1039 1594 est
1088 1541 1353 1617 prompt
1367 1550 1399 1594 e
1450 1532 1728 1596 missum.
1816 1529 2070 1597 Mittere
2137 1535 2495 1619 sanquinem
2562 1534 2798 1600 dixisse

411 1633 769 1718 Romanos,
815 1656 940 1700 non
987 1638 1337 1720 demittere,
1384 1656 1587 1721 neque
1632 1639 1904 1702 emittere
1948 1637 2027 1702 ad
2074 1638 2140 1702 h.
2187 1635 2232 1705 l.
2279 1639 2586 1706 indicavit
2631 1639 2798 1706 Eck-

412 1742 680 1805 steinius
700 1789 719 1826 ,
765 1742 876 1825 qui
922 1748 1169 1826 praeter
1214 1739 1472 1808 Celsum
1520 1743 1651 1827 (ΙΙ,
1710 1742 1822 1829 10)
1840 1792 1858 1828 ,
1908 1741 2274 1811 Ciceronem
2330 1750 2560 1812 testem
2600 1748 2795 1812 citare

412 1851 742 1932 potuerat:
792 1846 871 1911 sd
916 1849 1052 1912 Att.
1098 1847 1151 1913 Ι.
1208 1849 1311 1936 16.-
1368 1849 1467 1914 11.

500 2059 665 2126 ΙΒΠ).
732 2074 791 2128 et
848 2086 1009 2126 nune
1067 2084 1098 2127 e
1114 2087 1158 2126 a·
1165 2087 1217 2149 p
1234 2073 1348 2127 ect
1364 2083 1399 2126 o
1458 2083 1800 2147 coynoscere
1862 2084 1935 2127 ex
1990 2064 2114 2128 tuis
2176 2063 2397 2128 litteris
2413 2110 2430 2140 ,
2493 2077 2794 2150 quantum

410 2170 631 2233 medici
671 2170 780 2234 isti
824 2171 951 2234 dies
990 2171 1416 2256 promoverint
1461 2170 1547 2232 ad
1592 2170 1750 2232 vires
1796 2169 2174 2256 reficiendas.

502 2271 627 2338 Pro
673 2277 889 2359 inepto
939 2287 1181 2362 expecto
1226 2272 1405 2361 legas
1444 2295 1533 2339 ex
1537 2298 1590 2361 p
1605 2285 1749 2339 eto.
1811 2272 2076 2358 Saepius
2115 2273 2271 2339 haec
2309 2275 2504 2341 verba
2539 2295 2576 2341 a
2600 2275 2790 2342 libra-

408 2378 523 2445 riis
567 2380 827 2446 confusa
870 2387 1019 2445 sunt
1034 2400 1051 2458 ς
1102 2381 1183 2446 cf.
1229 2378 1611 2467 Symmachi
1653 2379 1854 2465 Epist.
1907 2379 1960 2444 Ι.
2011 2377 2098 2444 34
2143 2377 2286 2466 (28)
2331 2382 2374 2446 i.
2423 2381 2470 2450 f.

497 2594 714 2662 ΕΡῙΒΤ.
782 2594 843 2674 ’7,
914 2614 969 2660 Ρ.
1036 2593 1169 2660 134
1230 2596 1337 2660 ubi
1378 2597 1528 2660 meis
1572 2616 1677 2680 eyo
1725 2596 1822 2659 uti
1863 2595 2146 2659 manibus
2185 2615 2336 2681 per
2381 2594 2787 2659 valetudi-

404 2723 573 2766 nem
618 2725 741 2767 non
776 2723 1054 2790 possent,
1103 2724 1297 2765 manu
1340 2723 1455 2764 sua
1500 2700 1658 2768 ethos
1704 2701 1793 2764 ad
1837 2722 1903 2764 os
1939 2720 2142 2764 meum
2187 2699 2488 2785 adferret.
2677 2708 2681 2711 “

496 2805 725 2872 Malim
765 2830 969 2895 prae
1015 2808 1511 2873 valetudine.
1630 2886 1637 2896 .

489 3020 705 3088 ΕΡΙΒΨ.
773 3020 837 3099 8,
899 3038 958 3087 Ρ.
1030 3019 1156 3086 136
1208 3021 1498 3107 probasti
1555 3041 1651 3083 me
1721 3019 2108 3105 laudastique
2175 3016 2494 3095 omilium
2513 3062 2530 3093 ,
2596 3039 2786 3103 neque

400 3140 605 3194 tamen
669 3130 877 3194 triduo
925 3128 1197 3216 amplius
1242 3127 1333 3192 vel
1377 3128 1714 3213 quatridui>
1761 3128 1832 3191 id
1873 3148 1915 3190 a
1964 3136 2021 3189 te
2066 3125 2331 3190 obtinere
2366 3124 2637 3211 potuisti
2652 3169 2669 3200 ,
2715 3135 2785 3187 ut

399 3234 558 3299 mihi
600 3235 777 3300 verbo
823 3258 852 3297 s
869 3234 1176 3299 alutem
1223 3235 1634 3320 responderes.

486 3338 655 3407 Sana
692 3343 815 3406 erit
854 3342 1164 3405 sententis
1182 3386 1199 3417 ‚
1242 3339 1297 3403 si
1336 3358 1448 3423 pro
1482 3338 1696 3422 inepto
1736 3336 1996 3402 salutem
2036 3334 2441 3401 substitueris
2478 3334 2780 3400 saltem.

485 3552 646 3620 ΙΒΠ).
712 3556 989 3641 quotiens
1048 3565 1119 3619 tu
1182 3575 1277 3619 me
1330 3552 1615 3617 manibus
1665 3551 1787 3615 tuis
1833 3551 2184 3615 sustinuisti
2199 3595 2216 3625 ,
2265 3548 2564 3614 adlevasti
2607 3568 2784 3633 aeyre

394 3659 1011 3748 adsuryentem...?
1072 3683 1261 3747 quam
1322 3658 1514 3725 hilari
1571 3656 1758 3741 voltu¹
1798 3678 2034 3743 semper
2084 3654 2426 3742 placato
2489 3666 2574 3719 tu
2639 3676 2782 3719 nos

390 3770 655 3854 adfatus
697 3790 757 3833 es
775 3766 805 3833 P
2579 3804 2586 3812 ·

482 3872 763 3939 Annotat
786 3871 851 3938 N
853 3872 1079 3938 aberus
1098 3889 1113 3935 :
1144 3870 1398 3949 „Maius
1414 3892 1429 3934 ε
1447 3869 1874 3958 placatissimo
1896 3890 2036 3953 nos,·
2062 3864 2277 3931 Codex
2295 3886 2311 3930 ε
2328 3889 2381 3952 p
2397 3863 2476 3928 la
2494 3908 2775 3931 ........

386 3978 697 4044 Excidet-e
758 3979 972 4044 decem
1030 3977 1302 4043 litterae.
1390 3975 1563 4041 Hinc
1620 3975 1888 4040 coniecit
1949 3974 2196 4037 amicus
2259 3969 2426 4057 quod
2487 3968 2635 4035 dedi
2702 3971 2772 4035 in

386 4084 637 4149 textu’ss
698 4082 1010 4169 Equidem
1058 4085 1274 4168 potius
1320 4080 1748 4167 suppleverim
1788 4079 2290 4166 placidoque
2337 4098 2467 4142 ore
2511 4075 2773 4163 adfatus

385 4187 495 4255 es?
566 4188 771 4271 Quam
836 4210 1020 4277 saepe
1067 4188 1287 4256 vultus
1334 4194 1399 4253 et
1444 4207 1515 4252 os
1562 4188 1898 4251 coniuncta
1941 4182 2241 4271 legantur
2287 4181 2515 4247 multis
2561 4203 2772 4248 exem-

386 4294 514 4381 plis
560 4295 743 4361 docet
787 4293 1241 4378 Doederlinus‚
1290 4292 1528 4381 Synon.
1575 4290 1683 4356 IV.
1731 4311 1794 4376 p.
1844 4288 1998 4355 321.

476 4508 578 4575 An
640 4507 728 4571 M.
796 4510 1182 4575 An'roumuu
1237 4525 1322 4574 ns
1368 4524 1790 4583 nnoommru.
1839 4504 1954 4571 ΕΡ.
2007 4505 2068 4583 1,
2113 4522 2172 4571 Ρ.
2224 4500 2352 4569 139
2400 4525 2474 4567 ne
2505 4503 2768 4589 frustra
