3436 5161
647 363 786 430 230
1683 383 1997 432 emme.

649 545 1016 627 γράμματα
1079 553 1312 616 πλεῒςα
1365 553 1649 614 παλαιῶν
1695 547 1919 629 ἀνδρῶν
1959 546 2155 613 οὐκέτι
2197 545 2497 631 σώζεται,
2541 545 2699 612 πολὺ
2744 544 2814 620 δη
2860 548 3033 624 μῶλ-

653 668 756 719 λον
816 653 951 719 οὐδὲ
1012 653 1130 724 τάς
1192 653 1520 735 άγράφους
1585 651 1767 730 δόξας
1830 651 1990 726 εἰκός
2056 655 2181 723 έςιν
2228 654 2429 718 αὐτῶν
2478 651 2877 734 διασώζεσθαι
2926 651 3033 716 καὶ

649 759 907 839 μάλισθ’
953 754 1045 825 ὅτι
1093 759 1238 837 μηδ’
1286 760 1578 840 ἔγραψαν
1629 757 1764 826 ἔνιοι
1814 759 2222 840 σύγγραμμα
2262 759 2483 838 μηδέν,
2531 755 2729 838 ὥσπερ
2776 755 3033 840 Σωκρά-

651 891 762 942 της
811 867 915 932 καὶ
969 865 1336 948 Πυθαγόρας
1384 865 1490 930 καὶ
1538 871 1655 930 τῶν
1701 868 1837 931 καθ’
1888 869 2055 944 ἡμᾶς
2108 866 2352 946 ἐνδόξων
2400 867 2618 946 Ξατρῶν
2666 865 2937 939 Κόϊντος.

631 1082 636 1086 ’
740 1084 920 1153 Tom.
969 1083 1117 1151 XV.
1165 1105 1314 1173 pag.
1367 1081 1526 1152 16¹7:
1581 1081 1782 1163 ὅμοιόν
1832 1110 1891 1150 τι
1940 1109 2043 1164 μοι
2091 1084 2329 1151 δοκοῦσι
2374 1084 2731 1151 πεπονθέναι
2782 1083 2832 1149 οἱ
2883 1097 3033 1149 πολ-

647 1191 739 1260 λοὶ
795 1199 912 1257 τῶν
959 1189 1276 1268 ἐξηγητῶν
1325 1228 1410 1242 --
1457 1192 1542 1271 τῷ
1591 1195 1855 1257 νοσοῦντι
1902 1194 2018 1270 μὲν
2070 1193 2341 1272 ὑδερικῶς
2390 1193 2670 1272 άνθρώπῳ
2692 1238 2708 1268 ,
2761 1213 3031 1270 παρωνυ-

644 1298 800 1378 χίαν
847 1298 911 1364 δὲ
960 1298 1150 1362 αὐτοῦ
1198 1299 1570 1375 θεραπεῦσαι
1616 1297 1949 1379 Φιλότιμον
1995 1297 2097 1363 τὸν
2144 1297 2349 1378 ἰατρὸν
2396 1299 2682 1380 άξιοῦντι.

735 1405 878 1470 Iam
940 1409 1126 1469 antea.
1170 1403 1418 1469 ostendi
1463 1402 1660 1470 latere
1705 1405 1771 1468 in
1820 1405 1922 1469 his
1968 1426 2197 1472 nomen
2243 1403 2632 1470 nobilissimi
2678 1402 2913 1468 medici
2964 1406 3029 1468 et

643 1511 1047 1578 scribendum
1097 1531 1230 1578 esse
1281 1510 1610 1588 Φιλότιμον
1653 1511 1759 1575 τὸν
1807 1509 2034 1592 ἰατρόν.

735 1729 919 1797 Tom.
960 1729 1104 1796 XV.
1143 1751 1291 1818 pag.
1339 1727 1463 1798 1¹⁷1
1507 1733 1743 1797 vitiosa
1779 1733 2209 1816 interpunctio
2248 1731 2541 1797 obseurat
2582 1731 2754 1800 hunc
2775 1730 3026 1796 locum:

645 1842 762 1901 τῶν
817 1838 1086 1904 πλείςων
1148 1835 1460 1914 ἐξηγητῶν
1522 1834 1614 1902 ἔτι
1681 1837 1787 1901 καὶ
1851 1837 2020 1902 τοῦτ’
2083 1835 2161 1903 ἄν
2225 1861 2317 1910 τις
2382 1836 2756 1916 θαυμάσειεν
2803 1833 2894 1901 ὅτι
2941 1834 3028 1901 τά

644 1941 1183 2025 προγεγραμμένα
1235 1942 1452 2008 πάντα
1500 1944 1893 2016 ἐπαινοῦντες
1943 1942 2039 2008 άεὶ
2089 1944 2443 2022 θαυμασίως
2492 1945 2797 2027 εἰρῆσθαι,
2848 1942 2918 2006 τὸ
2963 1940 3026 2006 δέ

646 2072 707 2114 τι
750 2049 956 2131 τάνδρ)
1006 2050 1111 2114 καὶ
1161 2048 1519 2128 δαιμονίως,
1560 2052 1628 2114 τὸ
1668 2049 1732 2115 δέ
1778 2073 1839 2113 τι
1880 2049 1985 2114 καὶ
2030 2049 2228 2129 θείως,
2268 2052 2337 2114 τὸ
2380 2049 2441 2114 δέ
2483 2075 2542 2114 τι
2586 2054 2685 2114 νῦν
2725 2047 3023 2128 ἐξαίφνης

645 2158 880 2222 ἐκείνων
946 2155 1240 2222 άπάντων
1299 2155 1690 2222 ἐπελάθοντο.
1762 2155 1940 2222 Haec
2004 2159 2097 2221 ita
2137 2156 2592 2245 distinguenda
2638 2161 2822 2222 sunt:
2878 2156 3026 2219 θαυ-

645 2263 887 2340 μασίως
935 2263 1202 2342 εἰρῆσθαι
1252 2262 1388 2328 τόδε
1434 2286 1494 2327 τι
1543 2261 1793 2340 τάνδρί,
1842 2261 1944 2326 καὶ
1998 2262 2315 2340 δαιμονίως
2363 2263 2501 2328 τόδε
2550 2286 2648 2338 τι,
2701 2264 2806 2328 κα)
2856 2260 3025 2332 θείως

643 2368 782 2435 τόδε
836 2393 923 2447 τι,
973 2373 1073 2434 νῦν
1121 2368 1414 2452 ἐξαίφνης
1460 2368 1697 2434 ἐκείνων
1746 2367 2038 2434 άπάντων
2087 2368 2477 2434 ἐπελάθοντο.

731 2584 1015 2653 Galenus
1053 2593 1267 2654 narrat
1306 2587 1488 2654 Tom.
1531 2586 1676 2653 XV.
1717 2609 1865 2676 pag.
1910 2586 2039 2653 185
2060 2637 2078 2671 ,
2106 2588 2458 2655 Germanos
2480 2609 2602 2655 non
2630 2608 2765 2655 esse
2791 2587 3019 2667 fleme,

640 2698 714 2757 ut
767 2692 968 2781 vulgo
1029 2693 1357 2759 dicebatur
1419 2692 1526 2759 eed
1591 2694 1784 2759 rufos.
1850 2694 2148 2774 χρώμενοι
2214 2693 2277 2758 δὲ
2325 2694 2512 2759 ἐνίοτε
2560 2702 2686 2766 τοῖς
2734 2694 3023 2772 ὀνόμασιν

638 2800 744 2864 οὐκ
805 2799 1074 2879 άιιριβῶς
1122 2797 1254 2864 ἔνιοι
1303 2806 1420 2865 τῶν
1466 2796 1701 2877 βιβλία
1754 2798 2124 2881 γραφόντων
2171 2803 2280 2875 την
2328 2808 2443 2865 τῶν
2495 2799 2889 2879 πραγμάτων
2939 2800 3019 2865 δι·-

636 2903 986 2970 δασκαλίαν
1027 2904 1454 2985 ταράσσουσιν.
1505 2902 1657 2971 οὕτω
1709 2910 1857 2983 γοῦν
1895 2907 2051 2977 τινὲς
2091 2906 2447 2987 ὀνομάζουσι
2491 2908 2631 2979 τοὺς
2673 2906 3015 2986 Γερμανοὺς

635 3007 887 3087 ξανθοὺς
947 3012 1148 3077 καίτοι
1211 3036 1289 3089 γε
1349 3012 1457 3076 οὐκ
1503 3010 1684 3085 ὄντας
1730 3010 2018 3091 ξανθούς,
2071 3013 2178 3077 ἐὰν
2223 3012 2493 3094 άκριβῶς
2544 3037 2638 3085 τις
2689 3013 2862 3094 ἐθέλῃ
2908 3036 3019 3075 κα-

637 3124 766 3181 λεῖν
786 3165 805 3195 ,
851 3119 1030 3183 άλλά
1079 3119 1354 3199 πυρρούς.

726 3335 910 3402 Tom.
974 3335 1117 3401 XV.
1181 3356 1328 3423 pag.
1391 3332 1557 3400 215:
1615 3374 1695 3383 —
1745 3338 1822 3407 ὥς
1872 3336 1971 3401 ἐπὶ
2023 3341 2265 3401 πολλῶν
2312 3335 2554 3415 ἄλλων,
2611 3338 2671 3401 ἐν
2721 3332 2807 3409 οἷς
2855 3335 3020 3401 οὐδὲν

635 3446 899 3507 τοιοῦτον
959 3442 1428 3520 προσΤΕθέντος
1495 3445 1600 3507 τοῦ
1663 3442 2084 3523 συγγραφέως
2136 3444 2590 3524 άποφαίνονται
2639 3442 3019 3523 τολμηρότα-

633 3556 766 3613 τΟῙ
831 3547 900 3611 τὸ
961 3548 1212 3613 ἐπελθὸν
1277 3549 1484 3619 αὐτοῖς
1546 3550 1596 3613 οἱ
1663 3548 1990 3626 ἐξηγηταί.
2072 3550 2351 3633 Apparet
2402 3550 2802 3614 scribendum
2850 3570 3017 3615 esse:

633 3652 1011 3735 προσθέντος
1061 3657 1167 3719 τοῦ
1217 3654 1636 3734 συγγραφέως
1686 3661 1751 3719 et
1798 3654 2257 3735 άποφαίνονται
2308 3654 2791 3735 τολμηρότατΑ.

725 3856 870 3923 Non
929 3856 1252 3923 intellexit
1313 3854 1597 3923 Galenus
1649 3856 1923 3922 Homeri
1969 3856 2414 3933 locumfflom.
2471 3857 2613 3923 XV.
2660 3879 2809 3945 pag.
2856 3854 3007 3921 883.

629 3965 943 4030 scribens:
1006 3965 1056 4028 ol
1121 3969 1418 4041 μνηςῆρες
1478 3962 1617 4034 τοὺς
1679 3962 1930 4033 σιάλους
1996 3962 2226 4041 ἤσθιον,
2292 3962 2432 4034 τοὺς
2498 3964 2623 4045 γάρ
2674 3965 2819 4043 ὑπὲρ
2867 3962 3007 4035 τοὺς

628 4069 894 4140 τελείους
947 4066 1133 4140 οὕτως
1181 4066 1508 4149 ὠνόμαζον.
1557 4075 1620 4133 et
1665 4075 1807 4153 post
1853 4086 2087 4153 paueat
2137 4070 2189 4134 οἱ
2241 4078 2539 4148 μνηςῆρες
2594 4106 2676 4118 -—
2720 4069 3008 4143 άναισθη-

629 4174 880 4240 τότατοι
943 4174 1190 4238 πάντων
1255 4172 1407 4250 ἦσαν
1471 4176 1556 4245 είς
1619 4175 1945 4252 διάγνωσιν
1994 4174 2315 4239 εὖπέπτων
2362 4198 2431 4239 τε
2480 4171 2623 4252 ἅμα
2676 4175 2779 4240 καὶ
2832 4173 3017 4250 ἡδέων

627 4280 1016 4357 ἐδεσμάτων,
1064 4278 1262 4359 ῶσπερ
1309 4283 1422 4344 κάν
1468 4282 1553 4361 τῷ
1603 4282 1720 4350 τὰς
1771 4282 2045 4360 γαςέρας
2096 4284 2211 4346 τῶν
2260 4283 2453 4358 αἰγῶν
2494 4280 2704 4345 ἐσθίειν
2745 4282 2862 4353 τάς
2903 4284 3013 4357 ἐμ·

629 4389 1010 4461 πλησθείσας
1075 4384 1342 4466 αἵματος
1405 4388 1510 4451 καὶ
1575 4387 1828 4465 λίπους,
1894 4382 1961 4451 οὗ
2028 4386 2513 4468 δυσπεπτότερον
2575 4387 2640 4453 τί
2702 4386 2778 4452 ἂν
2824 4383 3013 4467 εὕροις

631 4494 888 4573 ἔδεσμα.
