3436 5161
1460 389 1781 439 nemus.
2121 411 2128 422 ·
2676 369 2808 437 423

521 568 580 621 Λ
630 554 797 635 384,
848 568 890 624 Β
945 554 1109 636 137,
1160 569 1217 622 Δ
1270 555 1446 639 197,“
1485 554 1654 639 207,
1705 553 1946 640 1427,
1995 564 2047 620 Ι(
2093 552 2214 632 70,
2261 566 2324 621 Λ
2362 552 2807 633 714,Ν379,

432 671 473 729 Ξ
524 659 650 741 85,
725 671 781 728 0
831 660 999 741 493,
1074 672 1125 727 Σ
1174 661 1338 739 279,
1416 671 1468 726 T
1522 660 1684 740 140,
1759 672 1818 727 Ψ
1874 660 2042 738 160,
2117 686 2160 726 α
2209 658 2375 746 123,
2450 661 2500 740 β
2541 660 2704 746 334,
2773 662 2810 727 3

429 764 592 846 770,
656 767 697 853 ζ
736 768 906 847 205,
955 795 990 845 η
1026 767 1193 847 203,
1241 790 1294 848 χ
1331 766 1488 832 262.
1564 768 1848 848 Quatuor
1908 774 2124 833 autem
2185 767 2256 831 in
2313 767 2416 832 his
2473 775 2623 834 sunt
2679 767 2807 834 loci

426 874 505 958 (K
556 872 681 953 70,
729 885 789 941 N
836 873 1004 954 379,
1067 874 1119 954 β
1169 874 1337 959 334,
1402 899 1455 957 χ
1502 872 1698 961 262),
1772 875 1886 941 ubi
1954 876 2018 939 in
2085 894 2306 941 versus
2367 876 2542 939 exitu
2590 875 2805 941 sedem

427 978 719 1068 habet1).

518 1083 641 1154 His
684 1106 833 1154 vero
880 1090 994 1153 uni
1038 1093 1103 1152 et
1149 1088 1387 1173 viginti
1431 1086 1587 1152 locis
1632 1086 2065 1174 subiungendi
2103 1090 2252 1152 sunt
2291 1091 2465 1163 octe,
2505 1087 2620 1152 ubi
2658 1083 2806 1163 ἥμῑν

424 1193 765 1277 reperitur,
818 1213 967 1258 nam
1020 1199 1233 1257 utrum
1284 1188 1495 1270 ἄμμῒν
1536 1192 1850 1257 scribatur
1887 1213 1966 1257 en
2008 1188 2184 1271 ἧμιν,
2226 1192 2293 1257 id
2329 1193 2443 1257 vix
2465 1194 2806 1277 quicquam

425 1301 645 1376 refert,
694 1306 1055 1385 congruunt
1104 1300 1275 1364 enim
1325 1298 1445 1364 hae
1492 1299 1730 1364 formae
1774 1301 1842 1363 in
1890 1318 1959 1364 re
2003 1318 2130 1383 que.
2173 1298 2250 1365 de
2295 1301 2480 1365 unice
2517 1302 2804 1385 egimus,

423 1422 650 1488 nempe
710 1407 781 1471 in
840 1406 1197 1489 quantitate
1260 1406 1624 1490 posterioris
1689 1403 1989 1491 syllabae.
2063 1403 2400 1490 Reperitur
2458 1424 2610 1491 ergo
2665 1401 2805 1486 ἧμιν

421 1508 554 1593 (vel
602 1510 773 1595 ἡμίν)
833 1511 936 1577 hie
998 1511 1315 1577 versibus:
1387 1520 1431 1575 P
1482 1509 1657 1587 415,
1718 1508 1892 1587 417,
1943 1510 1972 1573 θ
2025 1508 2198 1587 569,
2244 1534 2281 1573 κ
2329 1508 2495 1588 563,
2543 1525 2584 1575 λ
2635 1509 2807 1597 344,

424 1638 455 1679 ν
507 1615 667 1701 177,
714 1640 745 1697 ρ
792 1614 961 1695 376,
1011 1641 1046 1681 υ
1096 1614 1249 1682 272.

514 1718 873 1806 Sequuntur
916 1721 1039 1787 loci
1085 1723 1450 1789 creberrimi
1500 1721 1613 1808 (58
1665 1722 1954 1807 numero)
2020 1723 2251 1807 quibus
2301 1719 2448 1800 ἧμῒν
2505 1743 2655 1789 oum
2716 1722 2806 1788 le-

421 1832 615 1915 gatur
630 1877 649 1911 ,
712 1828 931 1895 eodem
995 1831 1134 1894 iure
1199 1825 1343 1906 ἧμιν
1403 1828 1537 1916 legi
1589 1836 1824 1915 potest,
1867 1830 2171 1911 positione
2214 1831 2386 1893 enim
2433 1829 2803 1913 producitur

421 1932 671 2020 syllaba
716 1932 958 2001 finalis:

314 2088 327 2099 .
512 2051 571 2105 A
622 2037 789 2119 147,
853 2039 1025 2117 214,
1094 2038 1263 2127 579,
1330 2039 1498 2126 583,
1545 2052 1591 2107 Β
1642 2040 1814 2119 295,
1866 2040 2037 2119 324,
2085 2038 2254 2124 339,
2314 2049 2360 2105 Γ
2415 2037 2582 2118 160,
2631 2038 2801 2121 323,

424 2144 592 2230 440,
642 2155 696 2211 Η
746 2144 915 2232 352,
965 2156 992 2212 1
1042 2145 1213 2226 245,
1262 2158 1323 2215 Λ
1374 2146 1541 2226 671,
1593 2157 1665 2212 Μ
1716 2145 1876 2227 328,
1929 2156 1990 2215 N
2042 2141 2210 2231 327,
2258 2144 2430 2224 814,
2477 2156 2520 2215 s
2569 2144 2691 2225 99,
2743 2158 2800 2213 o

424 2251 591 2331 509,
642 2250 815 2333 719,
864 2251 1037 2332 721,
1090 2265 1134 2320 Ρ
1184 2253 1355 2337 244,
1407 2252 1578 2339 331,
1630 2252 1795 2328 633,
1843 2253 2091 2338 Χ498,
2138 2277 2181 2318 α
2227 2250 2349 2330 10,
2400 2250 2567 2336 166,
2605 2252 2800 2331 β31,

423 2359 546 2439 95,
596 2358 767 2444 103,
815 2358 986 2445 325,
1034 2385 1081 2439 y
1128 2359 1291 2439 173,
1342 2360 1375 2425 ὃ
1417 2359 1585 2438 668,
1634 2358 1802 2445 777,
1854 2358 2093 2439 0236,
2139 2357 2306 2437 244,
2355 2357 2522 2436 248,
2573 2384 2592 2423 ι
2633 2358 2798 2437 256,

422 2490 459 2531 κ
508 2464 678 2545 445,
743 2464 912 2544 466,
975 2481 1016 2532 λ
1066 2466 1145 2545 6,
1206 2490 1258 2544 μ
1308 2464 1435 2545 28,
1504 2464 1670 2544 148,
1721 2491 1750 2532 ν
1801 2463 1964 2544 183,
2015 2465 2186 2543 279,
2234 2488 2262 2530 0
2311 2464 2480 2543 431,
2529 2488 2580 2529 π
2625 2463 2795 2545 268,

422 2570 590 2652 375,
634 2597 665 2654 ρ
712 2570 881 2653 597,
927 2597 966 2638 ο·
1015 2572 1138 2651 48,
1188 2597 1223 2638 υ
1264 2570 1438 2652 245,
1486 2571 1651 2653 328,
1699 2582 1755 2658 φ
1797 2570 1964 2651 289,
2015 2570 2188 2654 329,
2233 2578 2288 2654 ψ
2332 2570 2497 2658 109,
2545 2598 2588 2639 ω
2631 2570 2795 2653 127,

421 2677 590 2763 130,
642 2677 808 2760 138,
858 2677 1011 2745 400.

506 2785 793 2873 Denique
852 2791 1187 2872 supersunt
1231 2786 1358 2852 loci
1404 2786 1734 2863 nonnulli,
1783 2787 1896 2852 ubi
1941 2788 2088 2864 ἡμῖν
2135 2787 2232 2852 ita
2275 2785 2654 2854 collocatum
2701 2791 2796 2852 in-

414 2895 671 2960 venitur
730 2897 803 2957 ut
864 2895 1105 2960 mutari
1159 2913 1285 2958 non
1330 2895 1531 2979 possit
1575 2895 1645 2960 in
1688 2893 1964 2959 formam
2009 2891 2394 2958 trochaicam
2413 2940 2432 2972 ,
2483 2913 2632 2959 cum
2677 2914 2793 2959 sue

414 3004 643 3064 natura
687 2998 991 3084 producte
1038 2999 1125 3064 sit
1172 2997 1423 3085 syllaba
1468 2999 1808 3084 posterior:

507 3116 563 3171 A
613 3103 736 3191 67,
788 3115 841 3170 Θ
894 3103 1061 3184 142,
1112 3117 1157 3176 Ξ
1204 3103 1373 3190 481,
1421 3129 1469 3184 γ
1520 3104 1641 3185 56,
1690 3130 1726 3180 n
1773 3103 1946 3183 202,
1994 3107 2023 3170 θ
2073 3101 2245 3184 566,
2305 3128 2324 3171 ι
2375 3104 2497 3182 53,
2543 3129 2574 3170 ν
2623 3103 2790 3185 174,

412 3235 441 3277 o
489 3211 661 3292 455,
710 3236 759 3278 π
806 3210 975 3291 312,
1024 3210 1191 3296 427,
1238 3218 1293 3293 Φ
1343 3210 1509 3292 365,
1556 3219 1611 3294 ψ
1662 3210 1829 3291 134,
1879 3237 1924 3276 ω
1977 3209 2126 3278 169.

502 3316 725 3404 Itaque
768 3318 925 3385 locis
977 3319 1011 3386 1
1038 3316 1119 3397 -†-
1147 3321 1177 3383 1
1206 3314 1287 3395 -Ι-
1319 3317 1398 3384 19
1422 3316 1503 3397 -1-
1527 3316 1569 3383 8
1592 3316 1671 3396 -Ι-
1695 3315 1887 3382 58---
1912 3316 1998 3385 87
2039 3312 2182 3395 ἧμιν
2221 3319 2358 3385 sive
2394 3315 2652 3404 ἄμμιρο)
2675 3322 2790 3384 ant

408 3421 654 3512 legitur
694 3428 807 3490 aut
852 3423 984 3512 legi
1030 3429 1270 3510 potest3
1323 3431 1539 3491 contra
1586 3427 1734 3501 ἡμῖν
1773 3424 2182 3511 spondaicum
2201 3472 2218 3502 ,
2258 3427 2382 3489 nisi
2405 3445 2626 3490 versus
2649 3426 2792 3509 qui-

414 3531 531 3596 bus
588 3532 861 3596 occurrit
905 3536 1237 3597 mutentur
1254 3579 1271 3610 ‚
1318 3531 1700 3598 servandum
1749 3540 1845 3597 est
1888 3531 2046 3597 locis
2098 3534 2202 3596 14.
2270 3529 2578 3596 Videmus
2623 3529 2788 3598 illud

408 3635 599 3724 longe
660 3635 975 3724 longeque
1036 3657 1169 3704 esse
1230 3636 1532 3704 usitatius
1549 3685 1569 3721 ,
1616 3645 1680 3702 et
1727 3657 1854 3703 non
1897 3640 2203 3723 suspicari
2253 3639 2361 3704 vix
2410 3655 2749 3722 possumus
2767 3685 2786 3721 ‚

407 3743 527 3809 hoc
586 3745 950 3809 recentioris
1008 3764 1144 3812 esse
1192 3746 1421 3811 aetatis
1441 3791 1457 3824 ‚
1501 3743 1776 3810 libenter
1819 3744 2054 3811 formas
2099 3742 2352 3809 Atticas
2397 3764 2510 3829 pro
2549 3741 2786 3809 Home-

408 3851 555 3916 ricis
613 3849 1057 3917 substituentis
1073 3898 1093 3929 ‚
1153 3871 1357 3937 neque
1418 3850 1553 3917 ullo
1615 3850 1878 3918 fortasse
1931 3851 2072 3917 loco
2120 3849 2462 3917 Homerico
2508 3850 2781 3916 formam

474 4101 523 4161 1)
561 4101 621 4151 In
656 4117 877 4150 versuum
913 4101 1005 4150 fine
1038 4114 1284 4164 nunquam
1318 4099 1587 4150 addendum
1618 4115 1717 4150 esse
1753 4102 1870 4164 puto
1905 4099 2244 4165 paragogioum
2281 4115 2319 4148 ν.
2355 4099 2494 4148 Levis
2527 4101 2688 4150 tamen
2705 4114 2782 4150 res

406 4186 499 4242 est,
544 4199 695 4249 neque
737 4183 779 4233 si
822 4183 899 4234 cui
944 4180 1105 4243 ἄμμιν
1137 4182 1188 4231 in
1223 4182 1354 4232 exitu
1387 4182 1650 4232 hexametri
1684 4182 1840 4246 mgis
1869 4181 2127 4248 probatur,
2168 4182 2224 4230 de
2259 4197 2314 4230 ea
2351 4195 2402 4232 re
2435 4181 2696 4247 disceptare
2727 4183 2782 4232 in

404 4266 562 4315 animo
607 4269 703 4324 est,
749 4266 889 4315 modo
934 4267 1206 4314 constanter
1247 4263 1297 4312 id
1332 4264 1475 4314 faciat
1490 4303 1505 4324 ,
1540 4269 1595 4314 nt
1631 4265 1676 4314 Ν
1680 4264 1849 4314 auckio
1884 4264 2186 4328 ehu-istisque
2219 4263 2347 4314 inter
2377 4264 2654 4314 novissimo·
2681 4265 2780 4315 edi·

404 4351 534 4397 tores
567 4347 770 4412 placuit3
807 4349 975 4396 eontra
1008 4346 1111 4395 veri
1146 4345 1513 4395 dissimillimam
1546 4345 1705 4396 iudico
1739 4345 1961 4395 Iaarochii
1995 4345 2232 4410 regulam,
2267 4345 2530 4396 addendam
2557 4361 2655 4396 esse
2672 4345 2782 4396 lito-

404 4445 508 4478 ram
557 4431 887 4495 paragogieam
934 4429 976 4478 ei
1023 4442 1219 4492 sequens
1266 4427 1537 4478 hexameter
1570 4443 1600 4478 a
1646 4427 1800 4477 vocali
1844 4427 2088 4488 ordiatur,
2133 4427 2444 4479 omittendam
2489 4429 2530 4478 ti
2574 4444 2604 4479 a
2635 4427 2780 4480 litera

403 4527 623 4563 somna.
