3436 5161
651 306 780 373 186
1591 326 1677 373 An
1728 326 2076 375 rmunmm.

645 508 928 554 amorem
987 488 1177 553 illum
1242 509 1376 555 esse
1437 488 1635 555 talem
1654 534 1672 567 ,
1739 510 1930 575 quem
1990 489 2178 556 fateri
2241 490 2495 575 pudeat.
2586 490 2681 557 De
2750 493 3050 579 pudendo

647 614 860 661 amore
907 598 1122 661 autem
1170 594 1347 680 loqui
1395 594 1680 680 Sulpicia
1725 616 1848 661 non
1896 600 2127 681 potest.
2192 595 2335 662 Non
2378 616 2585 663 sermo
2630 604 2727 663 est
2764 598 2843 664 de
2866 599 3050 664 omni

645 720 860 766 amore
921 702 1030 766 sed
1053 702 1156 767 de
1205 707 1395 768 certo.
1466 704 1706 767 Pudore
1753 702 1865 787 qui
1910 702 2185 787 praefert
2232 706 2525 789 proximo
2570 724 2759 771 versu
2806 704 3043 770 melius

514 799 520 806 ’
643 809 908 885 scribet,
960 814 1072 873 aut
1115 811 1332 893 potius
1373 810 1646 875 scribere
1692 808 1982 875 debebit:
2034 808 2250 886 „fama
2298 808 2544 875 πώποθ’.
2614 810 2831 877 Minor
2868 812 3041 877 fama

644 914 811 979 mihi
873 914 992 991 sit,
1057 916 1114 979 si
1145 964 1152 969 .
1178 915 1348 979 hunc
1410 934 1692 981 amorem
1753 914 1992 999 pudore
2036 916 2415 982 abscondam
2434 963 2453 1000 ,
2500 934 2693 1001 quam
2748 919 2806 983 si
2851 916 3035 983 confi·

645 1022 799 1084 tear.
871 1017 1221 1085 Honestam
1271 1018 1472 1086 filiam
1520 1019 1927 1086 dissimulare
1976 1021 2157 1086 decet
2202 1042 2477 1087 amorem
2502 1070 2518 1101 ‚
2565 1022 2675 1087 sed
2713 1024 2820 1088 hic
2858 1044 3038 1089 amor

645 1121 792 1187 talis
838 1130 934 1189 est
951 1172 970 1208 ,
1018 1130 1092 1189 ut
1139 1144 1212 1190 eo
1259 1124 1522 1211 gloriari
1571 1128 1829 1210 possim.
1900 1124 2025 1193 Sed
2064 1127 2261 1191 minor
2298 1133 2393 1192 est
2434 1127 2783 1209 Italorum;
2817 1128 3038 1213 pudori

643 1233 708 1295 et
768 1232 956 1312 maffia
1007 1231 1366 1297 satisfacere
1426 1232 1745 1297 videntur.
1830 1231 2072 1298 Pudori
2134 1236 2220 1299 sit
2284 1232 2401 1321 (εἵη
2468 1234 2572 1321 ἄν)
2617 1235 2781 1300 mihi
2827 1238 3037 1321 mag-is

641 1338 814 1421 prior
871 1338 1045 1403 fama
1105 1338 1304 1423 (quod
1365 1338 1871 1404 abscondiderim
1935 1340 2247 1424 amorem)
2309 1358 2501 1426 quam
2576 1340 2777 1407 altera
2840 1341 3035 1426 (quod

643 1442 1094 1528 prodiderim).-
1152 1440 1439 1532 Scaliger
1471 1445 1652 1529 fama
1699 1446 2129 1511 commatibus
2175 1444 2505 1512 includens
2568 1467 2681 1533 pro
2744 1450 3033 1513 vocativo

641 1547 899 1614 videtur
935 1548 1253 1615 habuisse.
1317 1548 1617 1617 Ceterum
1658 1550 1817 1616 haee
1854 1553 2177 1637 poematia
2200 1551 2306 1617 IV.
2337 1552 2375 1619 ’7
2401 1552 2773 1619 festinanter
2794 1556 3031 1640 scripta

644 1658 708 1717 et
767 1656 836 1718 in
898 1655 1185 1721 chartam
1247 1658 1428 1741 quasi
1475 1658 1753 1723 coniecta
1798 1668 1925 1721 non·
1970 1657 2305 1742 prohibent
2352 1661 2699 1744 quominus
2743 1658 3033 1748 longiora

639 1756 756 1824 illa
817 1758 888 1845 (3
905 1807 922 1838 ,
992 1761 1060 1848 5)
1106 1762 1444 1828 manifesto
1489 1766 1731 1829 maiore
1775 1756 1920 1829 cum
1971 1782 2121 1830 cura
2167 1764 2487 1831 elaborata
2532 1766 2739 1833 eidem
2789 1766 3033 1833 auctori

642 1864 1076 1931 adscribamus
1094 1912 1111 1945 ‚
1150 1869 1458 1933 nimirum
1507 1870 1766 1953 iuveni3
1816 1868 2083 1935 subinde
2132 1872 2365 1936 tirones
2383 1918 2400 1949 ,
2444 1873 2557 1956 qui
2605 1872 2831 1937 stilum
2878 1892 3032 1937 non·

642 1972 798 2037 dum
847 1972 1349 2053 destinaverunt,
1404 1961 1750 2040 admodum
1800 1977 1901 2041 sui
1942 1975 2287 2042 dissimiles
2328 1982 2511 2056 sunt,
2551 1980 2923 2063 praesertim
2960 1980 3035 2043 in

639 2078 721 2143 iis
739 2124 756 2155 ‚
817 2097 977 2163 quae
1035 2100 1160 2144 non
1205 2078 1283 2145 ad
1333 2079 1658 2165 publicam
1705 2082 2003 2146 notitiam
2053 2089 2536 2167 componuntur.
2585 2082 2803 2150 Multa
2847 2104 3031 2169 prae-

643 2188 813 2249 terea
855 2187 922 2249 in
969 2187 1184 2270 parvis
1229 2185 1363 2252 iHis
1407 2185 1720 2272 epistoliis
1768 2188 1901 2252 sine
1950 2187 2142 2253 dubio
2190 2188 2534 2273 depravata
2582 2194 2751 2255 sunt.

727 2398 834 2465 IV.
884 2399 947 2468 8.
996 2418 1054 2467 v.
1110 2400 1149 2466 5
1170 2450 1187 2480 ,
1239 2401 1314 2469 6:

999 2506 1136 2573 Iam
1182 2510 1463 2573 nimium
1510 2508 1811 2576 Messalla
1864 2514 1995 2578 mei
2040 2512 2321 2579 studiose
2366 2514 2652 2598 quiescas

1089 2616 1228 2680 Neu
1275 2619 1692 2702 tempestivae
1738 2637 1923 2706 saepe
1970 2621 2320 2704 propinque
2367 2621 2527 2685 viae.

636 2721 778 2784 Non
839 2723 1087 2787 invenit
1148 2725 1282 2787 sine
1335 2721 1527 2787 dubio
1575 2721 1892 2810 Scaliger,
1947 2725 2104 2789 dum
2154 2725 2465 2810 explicat:
2516 2727 3027 2810 intempestivae.

635 2825 923 2901 Hillerus
981 2830 1217 2913 recepit
1277 2824 1641 2894 Baehrensii
1702 2833 2129 2896 coniecturam
2198 2852 2360 2915 ¹‚neu
2424 2837 2471 2896 t.
2530 2853 2725 2920 perge
2772 2851 3031 2897 monere

635 2932 823 2998 viae”
840 2953 858 3012 ;
923 2931 1263 3022 Riglerus:
1328 2955 1492 3014 „non
1555 2943 1603 3001 t.
1624 2983 1641 3014 ,
1709 2955 1870 3021 quae
1916 2937 2139 3023 procul
2185 2940 2343 3003 urbe
2363 2987 2380 3016 ‚
2432 2939 2643 3018 viae’';
2692 2939 3027 3027 Ungerust

639 3059 866 3117 „saeve
925 3039 1337 3125 propinque”.
1409 3041 1552 3107 Non
1618 3042 1803 3108 valde
1858 3043 2107 3110 diversa
2152 3051 2301 3110 sunt
2342 3065 2475 3128 sepe
2519 3051 2585 3110 et
2616 3065 2736 3127 ‚pce
2750 3065 2767 3124 ς
2816 3065 2856 3110 a
2900 3044 3027 3110 leo-

637 3147 808 3212 tione
851 3168 972 3211 non
1013 3145 1410 3231 proficiscens
1456 3147 1640 3235 lego:

805 3340 812 3346 ·
1003 3273 1169 3330 „non
1229 3254 1646 3339 tempestivae
1707 3275 1925 3341 parce,
1980 3258 2365 3342 propinque,
2417 3256 2630 3322 viae”.

725 3357 1032 3424 Messalla
1077 3361 1469 3444 propinquus
1518 3360 1654 3426 erat
1701 3359 2024 3446 Sulpiciae
2044 3411 2062 3446 ,
2114 3367 2185 3426 ut
2229 3367 2478 3427 notum.

725 3483 791 3532 v.
838 3461 880 3528 8
931 3464 1236 3542 „arbitrio
1284 3469 1580 3550 quamvis
1625 3487 1749 3532 non
1800 3468 1957 3532 sinis
2004 3487 2141 3532 esse
2186 3468 2396 3532 meo’'.
2474 3469 2755 3551 Quamvis
2798 3489 3025 3535 verum

638 3589 772 3635 esse
830 3589 956 3634 non
1018 3575 1261 3654 potest3
1322 3571 1420 3636 fac
1483 3575 1652 3638 enim
1718 3572 1847 3638 dici
1910 3593 2089 3658 posse
2155 3575 2400 3651 „sinere
2462 3573 2705 3661 aliquid
2751 3574 3025 3641 alicuius

635 3675 931 3743 arbitrio''
992 3695 1106 3761 pro
1167 3677 1534 3762 relinquere,
1598 3677 1765 3765 quod
1826 3677 2113 3767 Scaliger
2158 3683 2225 3744 in
2274 3682 2679 3746 annotatione
2724 3681 3024 3747 festinan-

633 3784 765 3848 tius
825 3783 1066 3866 scripta
1119 3783 1632 3862 commendavit,
1693 3791 1909 3851 tamen
1972 3784 2284 3870 oppositio
2328 3786 2510 3852 nulla
2562 3794 2658 3853 est
2702 3786 2820 3853 boc
2863 3786 3021 3853 loco.

635 3887 804 3954 Illud
867 3890 964 3954 uie
1015 3890 1220 3976 igitur
1263 3891 1604 3956 manifesto
1649 3891 1731 3956 ad
1776 3891 1988 3957 locum
2039 3891 2349 3957 mutilum
2399 3890 2783 3978 explendum
2830 3895 3024 3959 inser-

636 3998 778 4059 tum
826 4000 942 4061 est.
1013 3994 1193 4062 Duae
1237 3998 1382 4062 viae
1427 3996 1804 4063 emendandi
1850 3997 2115 4078 adsunt,
2165 4005 2353 4084 prout
2400 4021 2572 4084 quam
2620 4019 2697 4066 ex
2745 4007 3023 4085 quantum

637 4106 750 4166 aut
812 4121 890 4165 ex
935 4108 1102 4186 quoii
1124 4147 1141 4181 ‚
1194 4105 1234 4166 i.
1287 4123 1341 4168 e.
1388 4108 1660 4184 qnoniam
1705 4105 2026 4170 exstitisse
2071 4105 2366 4191 putabis:
2412 4105 2667 4170 arbitrii
2712 4126 2905 4191 quam
2950 4109 3025 4170 tu

635 4205 830 4290 (inde.
847 4214 1129 4291 quantum
1146 4255 1163 4286 ,
1211 4209 1411 4294 quam)
1455 4230 1579 4275 non
1626 4211 1780 4275 sinis
1826 4229 1959 4276 esse
2004 4210 2149 4276 sui'’
2199 4213 2268 4277 in
2315 4231 2441 4297 quo
2486 4211 2695 4278 forma
2738 4213 3021 4300 genetivi

633 4309 892 4378 insolita
938 4313 1258 4399 (arbitrii),
1300 4320 1414 4380 aut
1454 4315 1835 4392 „arbitrium
1874 4319 2174 4401 quoniam
2210 4337 2335 4383 non
2375 4319 2533 4384 sinis
2572 4339 2707 4385 esse
2744 4317 3019 4384 meum”.

638 4416 780 4491 Hoc
840 4435 1065 4486 verum
1131 4418 1406 4486 videtur.
1487 4421 1812 4498 „Arbitrio
1874 4442 2018 4491 meo
2075 4443 2175 4489 res
2222 4423 2360 4488 est”
2407 4424 2707 4492 videntur
2752 4425 3020 4491 editores
