3436 5161
698 290 828 361 396
1554 310 1827 359 rmvms
1869 309 2206 361 Josnmws.

688 480 935 545 λύσεν
984 478 1257 561 ἠσυχίᾳ·
1306 476 1555 543 malim·
1582 498 1734 543 sene
1773 474 2187 553 ἐξένευσεν
2227 475 2516 542 seribere.
2563 476 2812 562 Nempe
2833 476 3070 543 sudaei

684 584 1031 673 Josephum
1079 584 1284 651 odisse
1329 590 1701 669 coeperunt,
1743 590 2078 670 postquam
2114 599 2544 670 cognoverunt
2567 605 2712 649 eum
2739 604 3070 669 superesse

686 690 789 757 καὶ
852 692 1028 771 παρὰ
1088 692 1404 767 Ῥωμαίοις
1454 688 1600 755 ὄντα
1648 689 1754 756 καὶ
1803 692 1944 770 πρὸς
1995 696 2111 755 τῶν
2161 692 2582 767 ἡγεμόνων
2629 692 2662 764 ἢ
2709 693 2856 755 κατ’
2901 692 3064 771 αἰχ-

684 798 976 876 μαλώτου
1038 798 1241 877 τύχην
1303 796 1730 881 περιέπεσθαι,
1794 797 1869 862 Β.
1917 795 1976 860 J.
2031 797 2091 859 3.
2141 794 2205 861 9.
2255 800 2314 861 6.
2365 796 2492 863 Hic
2537 796 2866 862 Bekkerus
2907 817 3064 862 cum

683 905 931 972 duobus
993 900 1334 971 Codieibus
1393 904 1581 967 πλέον
1642 904 1939 977 inseruit,
2010 901 2120 967 sed
2183 902 2368 968 fseile
2429 903 2726 968 obtinebo
2781 904 3062 968 inseren-

684 1012 841 1079 dum
888 1032 1021 1078 esse
1067 1010 1401 1088 ἄμεινον
1446 1016 1590 1097 post
1637 1009 2080 1088 ἡγεμόνοιν.
2131 1006 2544 1095 corruptelae
2590 1012 2774 1097 origo
2819 1010 2940 1074 fuit
2985 1011 3060 1075 τὸ

680 1118 1153 1197 όμοιοτέλευτον.

772 1286 1041 1383 Legitur
1098 1283 1171 1350 B.
1217 1282 1277 1349 J.
1328 1282 1389 1349 4.
1436 1282 1496 1349 2.
1554 1286 1594 1351 3
1654 1282 1971 1369 quomodo
2033 1282 2072 1349 J
2075 1283 2352 1349 ohannes
2399 1280 2798 1371 Gisgalensis
2843 1282 3058 1349 salvus

678 1390 1129 1477 Hierosolyma
1188 1392 1495 1476 evaserit,
1554 1388 1834 1457 ἐδεδοίκει
1897 1390 1958 1453 δὲ
2024 1392 2809 1471 ἐγκαταλειφθῆναι
2859 1414 3056 1473 παρα-

676 1506 900 1580 χρῆμα
946 1506 1055 1572 τῆς
1106 1497 1338 1568 πόλεως
1386 1496 1689 1575 άλούσης,
1739 1496 1904 1583 quod
1949 1499 2295 1561 necessario
2334 1496 2736 1561 scribendum
2775 1498 2897 1561 erit
2932 1498 3054 1575 ἐγ-

681 1604 1340 1683 καταληφθῆναι.
1414 1600 1732 1678 Similiter
1793 1623 1914 1668 non
1974 1606 2189 1667 minus
2253 1605 2422 1668 eerto
2480 1602 2910 1688 reponendum
2957 1610 3052 1669 est

678 1710 1206 1791 καταληφθέντας
1252 1706 1321 1773 Β.
1361 1707 1423 1774 J.
1460 1714 1521 1774 4.
1562 1708 1624 1775 7.
1664 1708 1747 1793 2,
1793 1709 1902 1774 sed
1941 1709 2060 1773 hoe
2099 1708 2426 1773 Bekkerus
2465 1710 2800 1794 occupavit
2839 1728 3048 1775 emen-

678 1816 845 1883 dare.
918 1815 990 1880 Β.
1046 1814 1105 1879 J.
1165 1813 1227 1879 4.
1279 1813 1335 1879 3.
1393 1814 1509 1881 10:
1581 1812 2106 1894 καθοπλιζομένων
2179 1816 2536 1894 ἠρεμοῦντες
2612 1814 2749 1878 καθ’
2821 1816 3050 1880 ἑαυτῶν

680 1926 877 1993 ἐπες
896 1921 1201 2004 ρέψατε
1265 1920 1352 1987 τοὶ
1414 1917 1624 1999 ὅπλα,
1689 1920 2030 1987 dicendum
2088 1920 2207 1987 hoe
2243 1927 2383 1997 est,
2435 1923 2560 1986 nisi
2606 1920 2826 1999 fallor,
2879 1923 3048 1986 ἐπε-

678 2032 1051 2112 θρέψατε.
1099 2027 1306 2113 Supra
1352 2047 1599 2114 quoque
1642 2027 1762 2093 hoe
1813 2028 2078 2093 verbum
2127 2030 2340 2114 attigi.
2389 2026 2550 2093 Eece
2595 2028 2722 2093 alia
2759 2028 3050 2113 exempla

674 2138 751 2203 B.
796 2137 856 2203 J.
907 2137 971 2202 4.
1019 2134 1083 2203 3.
1135 2135 1253 2200 10:
1301 2135 1372 2199 τὸ
1420 2137 1644 2207 πλῆθος
1693 2135 1905 2207 αὐτοῖς
1953 2133 2355 2213 ἐπιτρέφεται
2403 2134 2538 2199 καθ’
2591 2134 2842 2213 ἡμέραν.
2889 2134 2961 2201 B.
2986 2134 3044 2200 J.

678 2243 741 2310 6.
790 2241 849 2307 6.
900 2242 979 2309 2:
1028 2242 1097 2306 ἐκ
1142 2248 1253 2316 τῆς
1303 2240 1609 2322 ἡμετέρας
1658 2240 1998 2323 πραότητος
2049 2243 2157 2314 την
2201 2241 2443 2317 τόλμαν
2486 2240 2886 2321 ἐπεθρέψατε.
2937 2240 3049 2306 Iti-

676 2351 822 2417 dem
868 2349 1131 2415 fortasse
1174 2348 1619 2436 corrigendum
1670 2361 1767 2413 est.
1811 2348 1885 2413 B.
1933 2347 1998 2413 J.
2047 2350 2106 2413 4.
2159 2344 2220 2411 2.
2275 2348 2349 2411 1:
2399 2348 2484 2413 τά
2523 2372 2592 2413 τε
2632 2351 2902 2427 σώματα
2941 2348 3044 2412 καὶ

676 2459 746 2523 τὸ
794 2457 1092 2538 πρόθυμον
1158 2454 1645 2536 ὑποθρέψειν
1710 2454 1974 2530 οἰόμενος
2025 2454 2124 2519 ἐπὶ
2175 2456 2314 2526 τοὺς
2364 2456 2712 2531 μέλλοντας
2760 2458 3047 2536 ἀγῶνας,

670 2564 783 2632 sed
826 2562 993 2630 nihil
1035 2560 1288 2628 definio.

762 2747 947 2813 Nihil
990 2743 1311 2833 signssifioet
1354 2743 1429 2810 B.
1476 2743 1540 2810 J.
1592 2745 1653 2809 4.
1704 2741 1767 2809 3.
1821 2743 1938 2808 10:
1999 2745 2051 2809 εἰ
2109 2745 2484 2820 ἑτοίμους
2537 2746 2632 2812 δεῖ
2669 2755 2796 2818 τοῖς
2844 2747 3046 2826 πράγ-

671 2877 830 2932 μασι
880 2853 997 2925 τὰς
1045 2853 1292 2925 κλήσεις
1340 2849 1712 2932 ἐφαρμόζειν
1757 2857 1824 2915 et
1869 2855 2010 2916 tuto
2055 2851 2123 2916 id
2159 2851 2430 2918 scribere
2463 2857 2846 2939 poterimus:
2891 2853 3044 2918 ἐτύ-

672 2983 893 3039 μους.
953 2957 1025 3022 Β.
1083 2957 1148 3023 J.
1200 2957 1258 3020 4.
1313 2954 1376 3022 3.
1430 2955 1552 3021 12:
1616 2957 1902 3033 άθέμιτον
1952 2956 2007 3021 δ’
2072 2960 2282 3034 ἡγεῖτο
2338 2961 2426 3035 μη
2475 2961 3043 3039 προηγνευκὼς

670 3067 947 3145 εἰσάγειν
1008 3063 1077 3128 τὸ
1140 3063 1366 3138 πλῆθος
1390 3110 1405 3141 ,
1469 3066 1665 3128 etiam
1714 3059 2045 3127 Bekkerus
2092 3063 2326 3128 oblitus
2375 3069 2470 3130 est
2516 3068 2830 3154 corrigere
2873 3091 2964 3147 πρ
2983 3091 3041 3132 o·

669 3169 1080 3250 ηγνευκός.
1150 3169 1227 3235 Β.
1274 3167 1341 3234 J.
1386 3169 1449 3234 4.
1500 3169 1563 3233 4.
1615 3169 1685 3234 lt
1755 3168 2032 3248 καθάπερ
2093 3170 2176 3240 εἷς
2245 3171 2446 3250 ἑορτὴν
2503 3173 2618 3243 εἷς
2674 3172 2792 3245 τας
2842 3197 3042 3254 παρα-

669 3275 878 3354 τάξεις
928 3274 1323 3356 ἐπειγόμενον
1345 3325 1363 3360 ,
1399 3274 1673 3341 slterum
1714 3277 1779 3340 εἰ
1797 3301 1828 3347 ς
1853 3274 2169 3360 Josephus
2195 3275 2518 3363 eleganter
2538 3281 2837 3345 omittere
2859 3280 3038 3347 solet.

667 3384 741 3450 B.
789 3384 849 3451 J.
903 3383 963 3448 4.
1018 3383 1079 3448 4.
1129 3381 1169 3447 3
1218 3389 1426 3448 orator
1470 3383 1796 3448 invehitur
1841 3383 1909 3447 in
1955 3381 2204 3448 Zelotss
2250 3404 2478 3468 eosque
2527 3383 2802 3470 appellat
2835 3389 3038 3468 άθύρ-

665 3515 890 3570 ματα
955 3491 1058 3556 καὶ
1126 3488 1504 3569 καθάρματα
1568 3497 1677 3564 τῆς
1741 3489 1950 3569 χώρας
2003 3487 2182 3563 ὅλης·
2229 3509 2355 3554 non
2399 3511 2625 3575 sequar
2672 3488 3037 3560 Lowthium

665 3599 1086 3686 corrigentem
1133 3596 1396 3674 λύματα
1418 3643 1433 3674 ,
1491 3615 1641 3661 nam
1687 3599 1948 3681 propius
1996 3597 2172 3661 abest.
2217 3596 2714 3676 φθάρματα,
2763 3619 2888 3686 quo
2932 3621 3038 3666 vo-

664 3704 889 3772 cabulo
935 3703 1251 3789 Josephus
1296 3705 1533 3767 iterum
1581 3703 1788 3767 utitur
1835 3701 1910 3768 B.
1956 3701 2019 3767 J.
2071 3704 2138 3768 5.
2189 3701 2292 3766 10.
2343 3701 2404 3769 5.

757 3887 914 3953 Dele
957 3887 1463 3952 coniunctionem
1514 3887 1622 3950 καί
1668 3884 1745 3951 Β.
1790 3884 1853 3951 J.
1904 3884 1966 3948 4.
2019 3881 2079 3947 6.
2131 3883 2205 3949 1;
2271 3887 2496 3964 τάχιον
2559 3888 2692 3952 καὶ
2741 3895 2851 3964 τῆς
2900 3889 3035 3953 ἐπι-

664 3995 856 4073 νοίας,
904 3994 1096 4059 sicuti
1144 3997 1311 4058 reete
1353 3990 1594 4080 legitur
1637 3991 1709 4055 B.
1752 3991 1814 4056 J.
1860 3991 1924 4056 4.
1969 3988 2074 4054 10.
2117 3989 2156 4054 6
2202 3998 2265 4056 et
2311 3992 2385 4057 Β.
2409 3992 2474 4059 J.
2512 3995 2570 4057 4.
2602 3994 2665 4060 4.
2691 3993 2766 4060 2:
2815 3996 3036 4076 τάχιον

662 4107 769 4167 τοῦ
818 4099 1387 4181 παραγγέλματος.
1438 4097 1511 4162 Β.
1560 4096 1623 4163 J.
1674 4096 1736 4160 4.
1790 4098 1852 4162 7.
1900 4095 1941 4160 4
1988 4097 2240 4182 supple:
2308 4097 2612 4177 λαβόντες
2663 4101 2727 4165 δὲ
2774 4102 2860 4174 εἷς
2907 4101 3034 4166 ἐπι·

664 4208 892 4284 τήδειον
937 4205 1237 4292 (τόπον).
1286 4203 1359 4268 Β.
1408 4203 1470 4269 J.
1520 4203 1581 4270 4.
1632 4201 1694 4267 8.
1749 4203 1820 4267 1:
1868 4203 2000 4282 περὶ
2049 4199 2123 4267 ὦν
2171 4206 2231 4268 ἐν
2277 4205 2841 4288 άκριβεςέροις
2888 4209 3035 4272 άνα-

663 4311 1068 4393 γέγραπται,
1116 4309 1597 4401 eorrigendum:
1656 4309 1716 4374 ἐν
1771 4307 2064 4383 ἄλλοις
2111 4312 2664 4394 άκριβέςερον.
2737 4313 2812 4380 Β.
2857 4313 2922 4380 J.
2971 4313 3030 4380 4.

665 4419 728 4487 8.
780 4419 851 4486 3:
912 4423 1175 4496 ἀγγεῖον
1221 4415 1610 4502 κεράμου,
1660 4416 1836 4504 lege:
1903 4423 2326 4498 κεραμοῦν.
2400 4418 2686 4506 Denique
2733 4417 2806 4484 B.
2855 4420 2918 4486 J.
2969 4417 3028 4484 4.
