3436 5161
1280 410 1555 459 umus
1602 410 1936 460 sosnmms.
2673 393 2802 461 389

414 576 745 650 δεσπότας.
806 574 1042 643 Contra
1087 579 1197 662 qui
1228 560 1499 643 'Gabara
1543 576 1906 643 incolebant
1955 598 2090 643 sese
2137 598 2285 643 cum
2333 577 2372 643 J
2375 578 2620 644 ohanne
2659 599 2804 644 con-

412 686 776 749 iunxerunt.
826 682 1261 769 Interponitur
1312 688 1529 749 autem
1578 682 1655 749 de
1702 682 2072 749 Tiberiade:
2116 684 2424 765 Τιβεριεῖς
2462 685 2524 750 δὲ
2557 688 2668 759 σὺν
2692 686 2806 762 μὲν

412 792 721 858 άπόςασιν
782 792 889 857 οὐκ
952 789 1269 869 ἐδέχοντο,
1328 790 1465 855 καὶ
1518 791 1766 855 αὐτοῦ
1812 790 1891 855 δὲ
1941 792 2388 869 συγκατένευον
2435 793 2802 868 γενήσεσθαι

410 900 605 979 φίλοι.
670 896 793 962 Sed
842 904 1155 982 quantum
1202 896 1426 976 video,
1476 898 1748 963 scribere
1792 896 2002 964 voluit
2047 897 2359 983 Josepbus
2405 898 2804 965 Tiberienses

410 1008 478 1069 in
524 1002 647 1069 fide
695 1007 1113 1089 permansisse
1160 1005 1377 1089 itaque
1422 1004 1734 1071 scribam:
1783 1002 1958 1070 οὐδὲ
2007 1006 2469 1084 συγκατένευον.
2520 1004 2677 1071 Post
2701 1005 2802 1071 de-

408 1132 593 1177 mum
640 1111 735 1176 ibi
783 1129 1031 1195 quoque
1078 1108 1460 1176 tumultuari
1505 1118 1800 1196 coeptum
1849 1115 1979 1189 est,
2031 1108 2160 1176 Vit.
2201 1108 2309 1176 2¹7.

500 1324 1018 1389 Adventantibus
1080 1323 1536 1408 praedonibus,
1602 1330 1675 1387 ut
1739 1322 2002 1389 domum
2059 1324 2496 1403 incenderent,
2559 1329 2622 1392 in
2675 1347 2802 1414 qua

406 1430 569 1496 forte
619 1430 657 1496 J
661 1430 934 1515 osephus
981 1429 1288 1517 degebat,
1338 1428 1450 1494 ille
1500 1449 1699 1495 unum
1753 1428 1832 1493 de
1877 1450 2096 1495 eorum
2143 1451 2412 1497 numero
2453 1431 2801 1497 intromitti

406 1536 618 1603 iubet:
670 1536 1157 1601 παύσασθαι
1207 1535 1331 1614 γάρ
1380 1532 1568 1607 οὕτως
1616 1543 1727 1610 τῆς
1767 1536 1950 1614 δΡΥῆς
1994 1537 2220 1607 αὐτοὺς
2261 1534 2498 1619 ἔφην,
2531 1538 2654 1603 vit.
2688 1538 2795 1604 30.

408 1638 641 1707 Cetera'
680 1642 877 1706 stulte
930 1640 1079 1706 ficta
1127 1642 1476 1706 describere
1522 1640 1688 1707 nibil
1733 1662 1891 1728 opus
1937 1648 2067 1718 est,
2118 1650 2190 1707 nt
2239 1642 2642 1732 intelligatur
2686 1665 2798 1711 ve-

406 1768 552 1812 rum
623 1765 789 1812 esse:
866 1747 1333 1812 παύσεσθαι
1404 1748 1531 1825 γάρ
1603 1744 1792 1819 οὕτως
1851 1756 1965 1831 σῆς
2029 1750 2211 1827 δργῆιι·
2277 1750 2502 1822 αὐτοὺς
2565 1749 2796 1832 ᾤμην.

406 1852 684 1918 Stultius
746 1856 941 1918 etiam
1006 1859 1102 1918 est
1168 1852 1335 1938 quod
1398 1854 1433 1939 ξ
1482 1850 1567 1917 35
1628 1854 1905 1943 legitur,
1971 1855 2084 1919 ubi
2139 1854 2452 1941 Josepbus
2497 1855 2683 1922 Justo
2729 1858 2796 1923 in

404 1962 785 2025 memoriam
834 1966 1087 2025 revocat
1134 1959 1301 2044 quod
1349 1959 1657 2024 maritum
1710 1962 1939 2026 sororis
1980 1960 2407 2041 σωφρόνως
2447 1962 2796 2048 κολάσειεν,

406 2066 701 2151 equidem
752 2072 919 2131 certe
967 2068 1193 2152 quovis
1240 2068 1505 2152 pignore
1552 2067 1928 2133 contendam
1979 2066 2220 2133 factum
2265 2067 2334 2133 id
2373 2069 2568 2135 fuisse
2614 2073 2794 2147 ὦμο-

404 2172 727 2253 Φρόνως.

497 2385 631 2452 Vit.
687 2383 771 2449 39
819 2406 1044 2451 verum
1092 2390 1189 2450 est
1237 2387 1835 2463 προνοήσεσθαι
1890 2386 2017 2464 γάρ
2064 2387 2252 2458 αὐτὸς
2302 2384 2610 2467 ἔφασκεν,
2666 2410 2792 2455 non

405 2492 1041 2575 προνοήσασθαι.
1093 2490 1337 2557 Deinde
1387 2490 1533 2556 aliis
1578 2490 1809 2556 multis
1849 2494 2117 2557 minutis
2156 2493 2334 2557 vitiis
2370 2496 2680 2579 omissis§
2707 2492 2792 2559 49

404 2601 810 2667 scribendum
858 2603 955 2664 est
1004 2599 1140 2663 καὶ
1190 2597 1736 2678 παρακαλέσειαν,
1785 2619 1909 2664 non
1955 2600 2047 2672 ὥς
2097 2606 2161 2665 et
2205 2601 2274 2665 in
2321 2597 2444 2664 fine
2489 2599 2793 2685 supplen-

403 2708 595 2773 dum:
646 2705 704 2772 εἴ
747 2706 813 2771 τί
861 2706 1047 2793 (μοι)
1094 2707 1182 2783 μὴ
1231 2711 1436 2774 καλῶς
1485 2705 1866 2785 πέπρακται.
1914 2705 1987 2770 In
2033 2707 2070 2790 ᾖ
2109 2705 2196 2770 63
2237 2705 2625 2784 παρεκάλουν
2667 2707 2794 2771 δλί-

400 2837 512 2892 γον
559 2821 671 2887 τῆς
719 2811 955 2880 πόλεως
1006 2812 1345 2891 πορρωτέρω
1398 2810 1570 2888 μετὰ
1617 2815 1820 2892 Φίλων
1859 2818 2182 2876 πολλῶν
2221 2835 2292 2875 τε
2329 2817 2444 2876 τῶν
2483 2810 2794 2891 Φυλαξόν-

402 2945 519 2986 των
569 2920 791 2990 αὐτοὺς
843 2921 1056 2984 ἐλθεῖν.
1106 2919 1279 3006 Lege
1326 2917 1621 2983 ἄλλων.
1668 2915 1904 2984 Contra
1943 2917 2120 3004 §652
2161 2918 2474 2996 βούλομαι
2516 2918 2569 2981 δ’
2597 2919 2791 2982 εἰπεῖν

402 3029 505 3093 καὶ
572 3027 715 3106 πρὸς
781 3023 1085 3098 ἄλλους
1150 3025 1498 3104 Τιβεριεῖς,
1568 3023 1974 3090 commendo:
2051 3023 2431 3103 άλόγους.
2508 3023 2793 3109 Denique

399 3131 583 3219 §692
633 3131 883 3205 πάντας
934 3131 1316 3212 ὑποχειρίους
1368 3129 1540 3208 ἕξετε
1589 3132 1694 3194 καὶ
1747 3127 1918 3204 ὅσους
1964 3131 2088 3213 ἰδία
2125 3129 2429 3207 ἐπάξαι
2472 3128 2791 3204 δυνήσεσθε

398 3239 633 3312 αὐτῶν,
700 3239 964 3304 fortasse
1025 3235 1251 3303 rerum
1316 3243 1413 3302 est
1460 3235 1874 3320 πατάξαι,
1923 3237 2034 3304 sed
2077 3257 2202 3304 non
2252 3243 2346 3303 est
2397 3237 2592 3325 digna
2637 3236 2792 3303 haec

397 3345 659 3432 Josephi
712 3347 878 3423 vita,
926 3347 1031 3409 cui
1078 3342 1363 3409 multum
1415 3363 1637 3429 operae
1686 3345 1952 3410 tribuas.

491 3558 690 3625 Venio
728 3559 808 3624 ad
846 3556 1103 3623 Bell'um
1146 3557 1189 3622 J
1192 3557 1490 3624 ndaicum
1534 3563 1600 3622 et
1638 3559 1860 3623 statim
1899 3559 2124 3625 haereo
2157 3557 2448 3625 Prooem.
2478 3558 2540 3626 5.
2579 3559 2790 3646 Scrip-

397 3667 484 3730 sit
544 3664 857 3750 Josephus
922 3661 1183 3730 Graecis
1245 3669 1310 3728 et
1374 3663 1693 3730 barbaris:
1756 3665 1864 3728 καὶ
1923 3666 2048 3741 ἐγὼ
2095 3665 2209 3740 μὲν
2254 3667 2628 3743 ἀναλώμασι
2677 3666 2784 3731 καὶ

398 3770 597 3843 πόνοις
647 3771 931 3849 μεγίςοις
980 3767 1341 3852 άλλόφυλος
1394 3767 1469 3833 ὢν
1514 3765 1790 3844 Ἕλλησί
1836 3794 1906 3836 τε
1955 3769 2059 3835 κα)
2101 3771 2445 3852 βαρβάροις
2489 3772 2598 3846 τὴν
2635 3770 2788 3848 μνή·

400 3901 522 3955 μην
569 3881 686 3941 τῶν
734 3875 1220 3954 κατορθωμάτων
1270 3875 1626 3952 ἀνατίθημι.
1699 3875 1824 3941 Sed
1880 3882 2029 3942 sunt
2075 3897 2234 3962 quos
2277 3876 2592 3963 Josephus
2637 3895 2788 3942 con-

396 3989 675 4050 temnat:
728 3993 853 4054 τοῖς
901 3985 963 4051 δὲ
1012 3983 1387 4060 γνησίοις
1438 3982 1581 4063 πρὸςΙ
1630 3984 1743 4061 μὲν
1791 3985 1876 4047 τὰ
1923 3984 2242 4060 λήμματα
2290 3983 2394 4047 κα)
2445 3982 2562 4054 τὰς
2610 3983 2786 4054 δίκας

398 4090 657 4171 κέχηνεν
721 4091 933 4163 εὐθέως
994 4090 1065 4155 τὸ
1126 4089 1295 4168 ςὸμα
1359 4091 1464 4154 καὶ
1517 4091 1550 4163 ή
1611 4097 1878 4168 γλῶσσα
1945 4091 2243 4165 λέλυται,
2309 4088 2418 4154 sed
2481 4095 2786 4174 spernunt

396 4197 731 4261 historiam
751 4244 766 4274 ,
832 4217 994 4281 quae
1056 4197 1191 4261 sine
1245 4198 1539 4262 veritatis
1585 4215 1800 4262 amore
1848 4203 2134 4262 constare
2177 4215 2304 4260 non
2349 4199 2573 4280 potest.
2647 4194 2786 4261 Ha-

402 4302 585 4367 besne
634 4301 842 4367 dicere
888 4305 1001 4388 qui
1046 4304 1175 4367 sint
1220 4300 1319 4366 illi
1368 4299 1643 4379 γνήσιοιῗ
1703 4301 1772 4366 Si
1819 4321 1943 4367 non
1989 4301 2215 4379 habes,
2266 4302 2578 4386 perpende
2619 4302 2788 4387 quod

398 4410 719 4492 sequitur:
769 4409 1047 4482 τιμάσθω
1097 4408 1167 4482 δὴ
1214 4409 1361 4487 παρ’
1410 4411 1553 4484 ήμῖν
1600 4409 1671 4474 τὸ
1718 4416 1830 4483 τῆς
1881 4410 2108 4488 ἱςορίας
2154 4408 2417 4484 άλήθές,
2468 4409 2600 4474 ἐπεὶ
2639 4409 2784 4488 παρ’

392 4509 693 4590 Ἕλλησιν
741 4513 1095 4592 άμελεῖται.
1148 4513 1371 4601 Itaque
1414 4515 1846 4602 reponendum
1893 4519 2025 4600 est,
2067 4515 2232 4600 quod
2275 4513 2608 4582 literarum
2634 4513 2783 4582 duc-
