<?xml version="1.0" encoding="UTF-8"?>
<!DOCTYPE html PUBLIC "-//W3C//DTD XHTML 1.0 Transitional//EN"
    "http://www.w3.org/TR/xhtml1/DTD/xhtml1-transitional.dtd">
<html xmlns="http://www.w3.org/1999/xhtml" xml:lang="en" lang="en">
 <head>
  <title>
</title>
<meta http-equiv="Content-Type" content="text/html;charset=utf-8" />
  <meta name='ocr-system' content='tesseract 3.04.00' />
  <meta name='ocr-capabilities' content='ocr_page ocr_carea ocr_par ocr_line ocrx_word'/>
</head>
<body>
  <div class='ocr_page' id='page_1' title='image "./mnemosynevolume00verdgoog_0336.png"; bbox 0 0 3436 5161; ppageno 0'>
   <div class='ocr_carea' id='block_1_1' title="bbox 690 341 2096 409">
    <p class='ocr_par' dir='ltr' id='par_1_1' title="bbox 690 341 2096 409">
     <span class='ocr_line' id='line_1_1' title="bbox 690 341 2096 409; baseline 0.002 -3"><span class='ocrx_word' id='word_1_1' title='bbox 690 341 822 406; x_wconf 85' lang='lat'><strong>318</strong></span> <span class='ocrx_word' id='word_1_2' title='bbox 1662 358 1921 409; x_wconf 64' lang='lat' dir='ltr'><strong>oassms</strong></span> <span class='ocrx_word' id='word_1_3' title='bbox 1966 360 2096 409; x_wconf 89' lang='lat' dir='ltr'><strong>n10.</strong></span> 
     </span>
    </p>
   </div>
   <div class='ocr_carea' id='block_1_2' title="bbox 649 522 3088 4208">
    <p class='ocr_par' dir='ltr' id='par_1_2' title="bbox 687 522 3088 2388">
     <span class='ocr_line' id='line_1_2' title="bbox 690 522 3086 609; baseline 0 -22"><span class='ocrx_word' id='word_1_4' title='bbox 690 528 903 588; x_wconf 90' lang='lat' dir='ltr'><strong>autem</strong></span> <span class='ocrx_word' id='word_1_5' title='bbox 968 522 1241 587; x_wconf 90' lang='lat' dir='ltr'><strong>secundo</strong></span> <span class='ocrx_word' id='word_1_6' title='bbox 1302 527 1569 607; x_wconf 87' lang='lat' dir='ltr'><strong>uterque</strong></span> <span class='ocrx_word' id='word_1_7' title='bbox 1631 522 1978 589; x_wconf 87' lang='lat' dir='ltr'><strong>laterculus</strong></span> <span class='ocrx_word' id='word_1_8' title='bbox 2023 544 2278 609; x_wconf 86' lang='lat' dir='ltr'><strong>prorsus</strong></span> <span class='ocrx_word' id='word_1_9' title='bbox 2325 524 2593 589; x_wconf 85' lang='lat' dir='ltr'><strong>interiit.</strong></span> <span class='ocrx_word' id='word_1_10' title='bbox 2663 524 3086 589; x_wconf 85' lang='lat' dir='ltr'><strong>Membranae</strong></span> 
     </span>
     <span class='ocr_line' id='line_1_3' title="bbox 689 628 3085 716; baseline 0 -22"><span class='ocrx_word' id='word_1_11' title='bbox 689 632 839 694; x_wconf 87' lang='lat' dir='ltr'><strong>sunt</strong></span> <span class='ocrx_word' id='word_1_12' title='bbox 896 628 1260 695; x_wconf 86' lang='lat' dir='ltr'><strong>levissimae</strong></span> <span class='ocrx_word' id='word_1_13' title='bbox 1323 635 1386 694; x_wconf 88' lang='lat' dir='ltr'><strong>et</strong></span> <span class='ocrx_word' id='word_1_14' title='bbox 1448 632 1858 697; x_wconf 76' lang='lat' dir='ltr'><strong>tenuissimae</strong></span> <span class='ocrx_word' id='word_1_15' title='bbox 1876 679 1894 713; x_wconf 93' lang='lat'><strong>,</strong></span> <span class='ocrx_word' id='word_1_16' title='bbox 1949 650 2074 716; x_wconf 89' lang='lat' dir='ltr'><strong>quo</strong></span> <span class='ocrx_word' id='word_1_17' title='bbox 2121 631 2361 697; x_wconf 87' lang='lat' dir='ltr'><strong>factum</strong></span> <span class='ocrx_word' id='word_1_18' title='bbox 2411 635 2508 695; x_wconf 87' lang='lat' dir='ltr'><strong>est</strong></span> <span class='ocrx_word' id='word_1_19' title='bbox 2563 637 2638 695; x_wconf 90' lang='lat' dir='ltr'><strong>ut</strong></span> <span class='ocrx_word' id='word_1_20' title='bbox 2681 650 2867 715; x_wconf 84' lang='lat' dir='ltr'><strong>saepe</strong></span> <span class='ocrx_word' id='word_1_21' title='bbox 2915 636 3085 695; x_wconf 85' lang='lat' dir='ltr'><strong>atra-</strong></span> 
     </span>
     <span class='ocr_line' id='line_1_4' title="bbox 688 737 3084 821; baseline 0.002 -23"><span class='ocrx_word' id='word_1_22' title='bbox 688 739 978 800; x_wconf 80' lang='lat' dir='ltr'><strong>mentum</strong></span> <span class='ocrx_word' id='word_1_23' title='bbox 1042 755 1490 820; x_wconf 75' lang='lat' dir='ltr'><strong>pergamenam</strong></span> <span class='ocrx_word' id='word_1_24' title='bbox 1554 738 1647 801; x_wconf 89' lang='lat' dir='ltr'><strong>ita</strong></span> <span class='ocrx_word' id='word_1_25' title='bbox 1709 737 2023 821; x_wconf 89' lang='lat' dir='ltr'><strong>perederit</strong></span> <span class='ocrx_word' id='word_1_26' title='bbox 2081 742 2146 803; x_wconf 91' lang='lat' dir='ltr'><strong>et</strong></span> <span class='ocrx_word' id='word_1_27' title='bbox 2217 738 2584 821; x_wconf 79' lang='lat' dir='ltr'><strong>corroserit,</strong></span> <span class='ocrx_word' id='word_1_28' title='bbox 2631 743 2706 802; x_wconf 89' lang='lat' dir='ltr'><strong>ut</strong></span> <span class='ocrx_word' id='word_1_29' title='bbox 2751 738 3084 803; x_wconf 86' lang='lat' dir='ltr'><strong>interdum</strong></span> 
     </span>
     <span class='ocr_line' id='line_1_5' title="bbox 689 840 3082 930; baseline 0.002 -25"><span class='ocrx_word' id='word_1_30' title='bbox 689 840 897 906; x_wconf 87' lang='lat' dir='ltr'><strong>forma</strong></span> <span class='ocrx_word' id='word_1_31' title='bbox 956 846 1202 907; x_wconf 89' lang='lat' dir='ltr'><strong>tantum</strong></span> <span class='ocrx_word' id='word_1_32' title='bbox 1267 840 1626 907; x_wconf 87' lang='lat' dir='ltr'><strong>litterarum</strong></span> <span class='ocrx_word' id='word_1_33' title='bbox 1690 847 2022 927; x_wconf 89' lang='lat' dir='ltr'><strong>tamquam</strong></span> <span class='ocrx_word' id='word_1_34' title='bbox 2082 864 2159 908; x_wconf 86' lang='lat' dir='ltr'><strong>ex</strong></span> <span class='ocrx_word' id='word_1_35' title='bbox 2207 843 2578 909; x_wconf 86' lang='lat' dir='ltr'><strong>membrana</strong></span> <span class='ocrx_word' id='word_1_36' title='bbox 2626 849 2877 909; x_wconf 85' lang='lat' dir='ltr'><strong>exsecta</strong></span> <span class='ocrx_word' id='word_1_37' title='bbox 2925 863 3082 930; x_wconf 81' lang='lat' dir='ltr'><strong>cog·-</strong></span> 
     </span>
     <span class='ocr_line' id='line_1_6' title="bbox 688 946 3082 1035; baseline 0.002 -25"><span class='ocrx_word' id='word_1_38' title='bbox 688 951 1017 1024; x_wconf 88' lang='lat' dir='ltr'><strong>noscatur,</strong></span> <span class='ocrx_word' id='word_1_39' title='bbox 1065 946 1385 1011; x_wconf 89' lang='lat' dir='ltr'><strong>interdum</strong></span> <span class='ocrx_word' id='word_1_40' title='bbox 1406 996 1425 1031; x_wconf 98' lang='lat'><strong>,</strong></span> <span class='ocrx_word' id='word_1_41' title='bbox 1477 948 1555 1012; x_wconf 89' lang='lat' dir='ltr'><strong>ab</strong></span> <span class='ocrx_word' id='word_1_42' title='bbox 1606 967 1826 1013; x_wconf 88' lang='lat' dir='ltr'><strong>aversa</strong></span> <span class='ocrx_word' id='word_1_43' title='bbox 1874 969 2122 1035; x_wconf 86' lang='lat' dir='ltr'><strong>quoque</strong></span> <span class='ocrx_word' id='word_1_44' title='bbox 2169 956 2348 1034; x_wconf 88' lang='lat' dir='ltr'><strong>parte</strong></span> <span class='ocrx_word' id='word_1_45' title='bbox 2393 969 2613 1034; x_wconf 86' lang='lat' dir='ltr'><strong>peresa</strong></span> <span class='ocrx_word' id='word_1_46' title='bbox 2655 970 3082 1035; x_wconf 82' lang='lat' dir='ltr'><strong>pergamena,</strong></span> 
     </span>
     <span class='ocr_line' id='line_1_7' title="bbox 689 1051 3084 1147; baseline 0.001 -29"><span class='ocrx_word' id='word_1_47' title='bbox 689 1074 767 1118; x_wconf 88' lang='lat' dir='ltr'><strong>ne</strong></span> <span class='ocrx_word' id='word_1_48' title='bbox 814 1051 969 1118; x_wconf 83' lang='lat' dir='ltr'><strong>haec</strong></span> <span class='ocrx_word' id='word_1_49' title='bbox 1014 1052 1272 1137; x_wconf 89' lang='lat' dir='ltr'><strong>quidem</strong></span> <span class='ocrx_word' id='word_1_50' title='bbox 1322 1054 1481 1147; x_wconf 58' lang='lat' dir='ltr'><strong>satis</strong></span> <span class='ocrx_word' id='word_1_51' title='bbox 1531 1055 1687 1118; x_wconf 89' lang='lat' dir='ltr'><strong>bene</strong></span> <span class='ocrx_word' id='word_1_52' title='bbox 1725 1053 2043 1142; x_wconf 78' lang='lat' dir='ltr'><strong>distingui</strong></span> <span class='ocrx_word' id='word_1_53' title='bbox 2079 1058 2302 1140; x_wconf 89' lang='lat' dir='ltr'><strong>possit.</strong></span> <span class='ocrx_word' id='word_1_54' title='bbox 2351 1054 2688 1121; x_wconf 88' lang='lat' dir='ltr'><strong>Praeterea</strong></span> <span class='ocrx_word' id='word_1_55' title='bbox 2725 1054 2898 1121; x_wconf 88' lang='lat' dir='ltr'><strong>haud</strong></span> <span class='ocrx_word' id='word_1_56' title='bbox 2939 1075 3084 1120; x_wconf 85' lang='lat' dir='ltr'><strong>raro</strong></span> 
     </span>
     <span class='ocr_line' id='line_1_8' title="bbox 690 1158 3086 1245; baseline 0 -21"><span class='ocrx_word' id='word_1_57' title='bbox 690 1161 951 1224; x_wconf 87' lang='lat' dir='ltr'><strong>evanuit</strong></span> <span class='ocrx_word' id='word_1_58' title='bbox 993 1163 1421 1223; x_wconf 75' lang='lat' dir='ltr'><strong>atramentum</strong></span> <span class='ocrx_word' id='word_1_59' title='bbox 1442 1205 1459 1235; x_wconf 87' lang='lat'><strong>,</strong></span> <span class='ocrx_word' id='word_1_60' title='bbox 1504 1158 1736 1224; x_wconf 88' lang='lat' dir='ltr'><strong>calami</strong></span> <span class='ocrx_word' id='word_1_61' title='bbox 1775 1158 2006 1226; x_wconf 86' lang='lat' dir='ltr'><strong>ductus</strong></span> <span class='ocrx_word' id='word_1_62' title='bbox 2031 1166 2284 1226; x_wconf 86' lang='lat' dir='ltr'><strong>tantum</strong></span> <span class='ocrx_word' id='word_1_63' title='bbox 2313 1162 2802 1245; x_wconf 88' lang='lat' dir='ltr'><strong>conspiciuntur.</strong></span> <span class='ocrx_word' id='word_1_64' title='bbox 2844 1160 3086 1225; x_wconf 86' lang='lat' dir='ltr'><strong>Lineae</strong></span> 
     </span>
     <span class='ocr_line' id='line_1_9' title="bbox 688 1263 3084 1353; baseline 0 -24"><span class='ocrx_word' id='word_1_65' title='bbox 688 1263 839 1330; x_wconf 90' lang='lat' dir='ltr'><strong>stilo</strong></span> <span class='ocrx_word' id='word_1_66' title='bbox 885 1264 1293 1329; x_wconf 77' lang='lat' dir='ltr'><strong>membranae</strong></span> <span class='ocrx_word' id='word_1_67' title='bbox 1337 1267 1683 1350; x_wconf 79' lang='lat' dir='ltr'><strong>impressae</strong></span> <span class='ocrx_word' id='word_1_68' title='bbox 1728 1264 1980 1331; x_wconf 87' lang='lat' dir='ltr'><strong>infimas</strong></span> <span class='ocrx_word' id='word_1_69' title='bbox 2027 1265 2274 1331; x_wconf 83' lang='lat' dir='ltr'><strong>litteras</strong></span> <span class='ocrx_word' id='word_1_70' title='bbox 2321 1268 2681 1353; x_wconf 80' lang='lat' dir='ltr'><strong>stringunt3</strong></span> <span class='ocrx_word' id='word_1_71' title='bbox 2733 1265 2842 1331; x_wconf 88' lang='lat' dir='ltr'><strong>sed</strong></span> <span class='ocrx_word' id='word_1_72' title='bbox 2897 1265 3084 1331; x_wconf 76' lang='lat' dir='ltr'><strong>hasta</strong></span> 
     </span>
     <span class='ocr_line' id='line_1_10' title="bbox 687 1368 3085 1456; baseline 0 -22"><span class='ocrx_word' id='word_1_73' title='bbox 687 1368 1047 1435; x_wconf 84' lang='lat' dir='ltr'><strong>litterarum</strong></span> <span class='ocrx_word' id='word_1_74' title='bbox 1117 1377 1340 1435; x_wconf 80' lang='grc' dir='ltr'>ΡΤΦΨ</span> <span class='ocrx_word' id='word_1_75' title='bbox 1407 1376 1471 1435; x_wconf 90' lang='lat' dir='ltr'><strong>et</strong></span> <span class='ocrx_word' id='word_1_76' title='bbox 1534 1368 1756 1435; x_wconf 84' lang='lat' dir='ltr'><strong>infima</strong></span> <span class='ocrx_word' id='word_1_77' title='bbox 1802 1372 2002 1438; x_wconf 87' lang='lat' dir='ltr'><strong>cauda</strong></span> <span class='ocrx_word' id='word_1_78' title='bbox 2058 1372 2312 1439; x_wconf 76' lang='lat' dir='ltr'><strong>litterae</strong></span> <span class='ocrx_word' id='word_1_79' title='bbox 2361 1372 2402 1449; x_wconf 77' lang='grc' dir='ltr'><strong><em>ξ</em></strong></span> <span class='ocrx_word' id='word_1_80' title='bbox 2445 1372 2609 1437; x_wconf 88' lang='lat' dir='ltr'><strong>infra</strong></span> <span class='ocrx_word' id='word_1_81' title='bbox 2654 1371 2890 1437; x_wconf 90' lang='lat' dir='ltr'><strong>lineam</strong></span> <span class='ocrx_word' id='word_1_82' title='bbox 2941 1392 3085 1456; x_wconf 90' lang='lat' dir='ltr'><strong>pro-</strong></span> 
     </span>
     <span class='ocr_line' id='line_1_11' title="bbox 688 1474 3085 1567; baseline -0 -25"><span class='ocrx_word' id='word_1_83' title='bbox 688 1482 927 1542; x_wconf 89' lang='lat' dir='ltr'><strong>tractae</strong></span> <span class='ocrx_word' id='word_1_84' title='bbox 974 1481 1140 1540; x_wconf 89' lang='lat' dir='ltr'><strong>sunt.</strong></span> <span class='ocrx_word' id='word_1_85' title='bbox 1217 1474 1754 1560; x_wconf 87' lang='lat' dir='ltr'><strong>Interpunctionis</strong></span> <span class='ocrx_word' id='word_1_86' title='bbox 1800 1477 1902 1542; x_wconf 84' lang='lat' dir='ltr'><strong>vel</strong></span> <span class='ocrx_word' id='word_1_87' title='bbox 1951 1476 2237 1543; x_wconf 88' lang='lat' dir='ltr'><strong>elisionis</strong></span> <span class='ocrx_word' id='word_1_88' title='bbox 2285 1481 2474 1567; x_wconf 85' lang='lat' dir='ltr'><strong>signa</strong></span> <span class='ocrx_word' id='word_1_89' title='bbox 2519 1482 2897 1543; x_wconf 83' lang='lat' dir='ltr'><strong>accentusve</strong></span> <span class='ocrx_word' id='word_1_90' title='bbox 2935 1498 3085 1541; x_wconf 89' lang='lat' dir='ltr'><strong>nus-</strong></span> 
     </span>
     <span class='ocr_line' id='line_1_12' title="bbox 689 1581 3082 1668; baseline 0 -22"><span class='ocrx_word' id='word_1_91' title='bbox 689 1602 879 1666; x_wconf 85' lang='lat' dir='ltr'><strong>quam</strong></span> <span class='ocrx_word' id='word_1_92' title='bbox 946 1581 1191 1647; x_wconf 87' lang='lat' dir='ltr'><strong>addidit</strong></span> <span class='ocrx_word' id='word_1_93' title='bbox 1254 1584 1461 1667; x_wconf 88' lang='lat' dir='ltr'><strong>prima</strong></span> <span class='ocrx_word' id='word_1_94' title='bbox 1518 1601 1776 1658; x_wconf 87' lang='lat' dir='ltr'><strong>manus;</strong></span> <span class='ocrx_word' id='word_1_95' title='bbox 1829 1582 2086 1668; x_wconf 80' lang='lat' dir='ltr'><strong>virgula</strong></span> <span class='ocrx_word' id='word_1_96' title='bbox 2135 1582 2352 1649; x_wconf 90' lang='lat' dir='ltr'><strong>addita</strong></span> <span class='ocrx_word' id='word_1_97' title='bbox 2399 1589 2710 1649; x_wconf 85' lang='lat' dir='ltr'><strong>corrector</strong></span> <span class='ocrx_word' id='word_1_98' title='bbox 2754 1583 3082 1647; x_wconf 89' lang='lat' dir='ltr'><strong>interdum</strong></span> 
     </span>
     <span class='ocr_line' id='line_1_13' title="bbox 689 1685 3084 1773; baseline -0 -20"><span class='ocrx_word' id='word_1_99' title='bbox 689 1685 975 1753; x_wconf 83' lang='lat' dir='ltr'><strong>vocalem</strong></span> <span class='ocrx_word' id='word_1_100' title='bbox 1016 1686 1237 1751; x_wconf 88' lang='lat' dir='ltr'><strong>elisam</strong></span> <span class='ocrx_word' id='word_1_101' title='bbox 1282 1687 1611 1753; x_wconf 82' lang='lat' dir='ltr'><strong>indicavit.</strong></span> <span class='ocrx_word' id='word_1_102' title='bbox 1662 1685 1993 1754; x_wconf 85' lang='lat' dir='ltr'><strong>Scribendi</strong></span> <span class='ocrx_word' id='word_1_103' title='bbox 2031 1689 2427 1773; x_wconf 88' lang='lat' dir='ltr'><strong>compendiis</strong></span> <span class='ocrx_word' id='word_1_104' title='bbox 2464 1709 2588 1754; x_wconf 91' lang='lat' dir='ltr'><strong>non</strong></span> <span class='ocrx_word' id='word_1_105' title='bbox 2625 1690 2753 1753; x_wconf 89' lang='lat' dir='ltr'><strong>nisi</strong></span> <span class='ocrx_word' id='word_1_106' title='bbox 2785 1690 2854 1753; x_wconf 88' lang='lat' dir='ltr'><strong>in</strong></span> <span class='ocrx_word' id='word_1_107' title='bbox 2878 1694 3084 1753; x_wconf 84' lang='lat' dir='ltr'><strong>extre-</strong></span> 
     </span>
     <span class='ocr_line' id='line_1_14' title="bbox 691 1792 3085 1879; baseline 0 -20"><span class='ocrx_word' id='word_1_108' title='bbox 691 1797 815 1859; x_wconf 88' lang='lat' dir='ltr'><strong>mis</strong></span> <span class='ocrx_word' id='word_1_109' title='bbox 875 1794 1163 1859; x_wconf 83' lang='lat' dir='ltr'><strong>versibus</strong></span> <span class='ocrx_word' id='word_1_110' title='bbox 1225 1814 1375 1858; x_wconf 89' lang='lat' dir='ltr'><strong>usus</strong></span> <span class='ocrx_word' id='word_1_111' title='bbox 1440 1799 1537 1858; x_wconf 88' lang='lat' dir='ltr'><strong>est</strong></span> <span class='ocrx_word' id='word_1_112' title='bbox 1599 1792 1936 1870; x_wconf 86' lang='lat' dir='ltr'><strong>librarius,</strong></span> <span class='ocrx_word' id='word_1_113' title='bbox 2002 1796 2096 1859; x_wconf 90' lang='lat' dir='ltr'><strong>ibi</strong></span> <span class='ocrx_word' id='word_1_114' title='bbox 2160 1814 2310 1861; x_wconf 83' lang='lat' dir='ltr'><strong>vero</strong></span> <span class='ocrx_word' id='word_1_115' title='bbox 2357 1796 2747 1879; x_wconf 86' lang='lat' dir='ltr'><strong>saepissime.</strong></span> <span class='ocrx_word' id='word_1_116' title='bbox 2817 1792 3085 1860; x_wconf 85' lang='lat' dir='ltr'><strong>Lineola</strong></span> 
     </span>
     <span class='ocr_line' id='line_1_15' title="bbox 690 1898 3085 1985; baseline 0 -20"><span class='ocrx_word' id='word_1_117' title='bbox 690 1899 961 1965; x_wconf 87' lang='lat' dir='ltr'><strong>ultimae</strong></span> <span class='ocrx_word' id='word_1_118' title='bbox 1000 1898 1205 1965; x_wconf 81' lang='lat' dir='ltr'><strong>vocali</strong></span> <span class='ocrx_word' id='word_1_119' title='bbox 1244 1900 1670 1985; x_wconf 86' lang='lat' dir='ltr'><strong>superscripta</strong></span> <span class='ocrx_word' id='word_1_120' title='bbox 1708 1924 1740 1963; x_wconf 85' lang='grc' dir='ltr'><strong><em>ν</em></strong></span> <span class='ocrx_word' id='word_1_121' title='bbox 1779 1901 2198 1985; x_wconf 85' lang='lat' dir='ltr'><strong>exprimitur,</strong></span> <span class='ocrx_word' id='word_1_122' title='bbox 2241 1901 2443 1967; x_wconf 89' lang='lat' dir='ltr'><strong>cauda</strong></span> <span class='ocrx_word' id='word_1_123' title='bbox 2475 1901 2841 1965; x_wconf 85' lang='lat' dir='ltr'><strong>consonanti</strong></span> <span class='ocrx_word' id='word_1_124' title='bbox 2865 1900 3085 1965; x_wconf 85' lang='lat' dir='ltr'><strong>addita</strong></span> 
     </span>
     <span class='ocr_line' id='line_1_16' title="bbox 693 2002 3085 2088; baseline -0.001 -19"><span class='ocrx_word' id='word_1_125' title='bbox 693 2030 780 2069; x_wconf 72' lang='grc' dir='ltr'><strong>αι.</strong></span> <span class='ocrx_word' id='word_1_126' title='bbox 852 2002 1233 2088; x_wconf 74' lang='lat' dir='ltr'><strong>ceteroquin</strong></span> <span class='ocrx_word' id='word_1_127' title='bbox 1277 2003 1525 2071; x_wconf 88' lang='lat' dir='ltr'><strong>litteras</strong></span> <span class='ocrx_word' id='word_1_128' title='bbox 1564 2006 1967 2071; x_wconf 88' lang='lat' dir='ltr'><strong>coniunxisse</strong></span> <span class='ocrx_word' id='word_1_129' title='bbox 2006 2012 2338 2071; x_wconf 88' lang='lat' dir='ltr'><strong>contentus</strong></span> <span class='ocrx_word' id='word_1_130' title='bbox 2377 2006 2538 2071; x_wconf 84' lang='lat' dir='ltr'><strong>fuit:</strong></span> <span class='ocrx_word' id='word_1_131' title='bbox 2580 2029 2645 2069; x_wconf 79' lang='lat' dir='ltr'><strong>ou</strong></span> <span class='ocrx_word' id='word_1_132' title='bbox 2685 2010 2752 2069; x_wconf 86' lang='lat' dir='ltr'><strong>et</strong></span> <span class='ocrx_word' id='word_1_133' title='bbox 2795 2029 2875 2070; x_wconf 74' lang='lat' dir='ltr'><strong>av</strong></span> <span class='ocrx_word' id='word_1_134' title='bbox 2895 2051 2912 2081; x_wconf 88' lang='lat'><strong>,</strong></span> <span class='ocrx_word' id='word_1_135' title='bbox 2953 2029 3042 2068; x_wconf 74' lang='grc' dir='ltr'><strong>τω</strong></span> <span class='ocrx_word' id='word_1_136' title='bbox 3065 2054 3085 2088; x_wconf 93' lang='lat'><strong>,</strong></span> 
     </span>
     <span class='ocr_line' id='line_1_17' title="bbox 690 2109 3082 2194; baseline 0 -19"><span class='ocrx_word' id='word_1_137' title='bbox 690 2135 801 2191; x_wconf 82' lang='grc' dir='ltr'><strong>ρω,</strong></span> <span class='ocrx_word' id='word_1_138' title='bbox 852 2134 917 2175; x_wconf 73' lang='lat' dir='ltr'><strong>an</strong></span> <span class='ocrx_word' id='word_1_139' title='bbox 967 2116 1155 2194; x_wconf 88' lang='lat' dir='ltr'><strong>atque</strong></span> <span class='ocrx_word' id='word_1_140' title='bbox 1202 2110 1357 2175; x_wconf 90' lang='lat' dir='ltr'><strong>adeo</strong></span> <span class='ocrx_word' id='word_1_141' title='bbox 1396 2134 1499 2183; x_wconf 73' lang='grc' dir='ltr'><strong>νης</strong></span> <span class='ocrx_word' id='word_1_142' title='bbox 1546 2131 1672 2177; x_wconf 90' lang='lat' dir='ltr'><strong>uno</strong></span> <span class='ocrx_word' id='word_1_143' title='bbox 1712 2111 1909 2177; x_wconf 90' lang='lat' dir='ltr'><strong>ductu</strong></span> <span class='ocrx_word' id='word_1_144' title='bbox 1951 2113 2334 2178; x_wconf 88' lang='lat' dir='ltr'><strong>scribuntur.</strong></span> <span class='ocrx_word' id='word_1_145' title='bbox 2384 2110 2720 2177; x_wconf 86' lang='lat' dir='ltr'><strong>Praeterea</strong></span> <span class='ocrx_word' id='word_1_146' title='bbox 2755 2109 3082 2176; x_wconf 87' lang='lat' dir='ltr'><strong>interdum</strong></span> 
     </span>
     <span class='ocr_line' id='line_1_18' title="bbox 690 2211 3088 2301; baseline -0.001 -19"><span class='ocrx_word' id='word_1_147' title='bbox 690 2216 975 2282; x_wconf 89' lang='lat' dir='ltr'><strong>litteram</strong></span> <span class='ocrx_word' id='word_1_148' title='bbox 1042 2211 1321 2300; x_wconf 88' lang='lat' dir='ltr'><strong>aliquam</strong></span> <span class='ocrx_word' id='word_1_149' title='bbox 1385 2218 1657 2281; x_wconf 89' lang='lat' dir='ltr'><strong>minimo</strong></span> <span class='ocrx_word' id='word_1_150' title='bbox 1718 2216 1982 2283; x_wconf 90' lang='lat' dir='ltr'><strong>modulo</strong></span> <span class='ocrx_word' id='word_1_151' title='bbox 2040 2225 2365 2283; x_wconf 85' lang='lat' dir='ltr'><strong>exaratam</strong></span> <span class='ocrx_word' id='word_1_152' title='bbox 2413 2216 2598 2283; x_wconf 86' lang='lat' dir='ltr'><strong>alteri</strong></span> <span class='ocrx_word' id='word_1_153' title='bbox 2647 2217 3088 2301; x_wconf 87' lang='lat' dir='ltr'><strong>superposuit,</strong></span> 
     </span>
     <span class='ocr_line' id='line_1_19' title="bbox 696 2320 2602 2388; baseline -0.001 0"><span class='ocrx_word' id='word_1_154' title='bbox 696 2323 803 2388; x_wconf 89' lang='lat' dir='ltr'><strong>sed</strong></span> <span class='ocrx_word' id='word_1_155' title='bbox 856 2320 1027 2387; x_wconf 88' lang='lat' dir='ltr'><strong>valet</strong></span> <span class='ocrx_word' id='word_1_156' title='bbox 1075 2321 1194 2387; x_wconf 89' lang='lat' dir='ltr'><strong>hoc</strong></span> <span class='ocrx_word' id='word_1_157' title='bbox 1240 2321 1319 2386; x_wconf 93' lang='lat' dir='ltr'><strong>de</strong></span> <span class='ocrx_word' id='word_1_158' title='bbox 1366 2320 1693 2388; x_wconf 83' lang='lat' dir='ltr'><strong>vocalibus</strong></span> <span class='ocrx_word' id='word_1_159' title='bbox 1743 2328 1997 2388; x_wconf 89' lang='lat' dir='ltr'><strong>tantum</strong></span> <span class='ocrx_word' id='word_1_160' title='bbox 2045 2330 2110 2388; x_wconf 89' lang='lat' dir='ltr'><strong>et</strong></span> <span class='ocrx_word' id='word_1_161' title='bbox 2155 2324 2234 2388; x_wconf 89' lang='lat' dir='ltr'><strong>de</strong></span> <span class='ocrx_word' id='word_1_162' title='bbox 2278 2323 2496 2388; x_wconf 88' lang='lat' dir='ltr'><strong>littera</strong></span> <span class='ocrx_word' id='word_1_163' title='bbox 2542 2347 2602 2387; x_wconf 87' lang='grc' dir='ltr'><strong>σ.</strong></span> 
     </span>
    </p>

    <p class='ocr_par' dir='ltr' id='par_1_3' title="bbox 688 2427 3087 2831">
     <span class='ocr_line' id='line_1_20' title="bbox 783 2427 3087 2514; baseline 0 -20"><span class='ocrx_word' id='word_1_164' title='bbox 783 2427 878 2494; x_wconf 92' lang='lat' dir='ltr'><strong>De</strong></span> <span class='ocrx_word' id='word_1_165' title='bbox 938 2428 1173 2493; x_wconf 89' lang='lat' dir='ltr'><strong>codicis</strong></span> <span class='ocrx_word' id='word_1_166' title='bbox 1230 2432 1437 2492; x_wconf 86' lang='lat' dir='ltr'><strong>aetate</strong></span> <span class='ocrx_word' id='word_1_167' title='bbox 1482 2448 1607 2492; x_wconf 92' lang='lat' dir='ltr'><strong>non</strong></span> <span class='ocrx_word' id='word_1_168' title='bbox 1654 2433 1916 2495; x_wconf 87' lang='lat' dir='ltr'><strong>constat.</strong></span> <span class='ocrx_word' id='word_1_169' title='bbox 1993 2428 2160 2494; x_wconf 83' lang='lat' dir='ltr'><strong>Sunt</strong></span> <span class='ocrx_word' id='word_1_170' title='bbox 2204 2431 2318 2514; x_wconf 89' lang='lat' dir='ltr'><strong>qui</strong></span> <span class='ocrx_word' id='word_1_171' title='bbox 2364 2450 2511 2494; x_wconf 90' lang='lat' dir='ltr'><strong>eum</strong></span> <span class='ocrx_word' id='word_1_172' title='bbox 2561 2427 2814 2495; x_wconf 88' lang='lat' dir='ltr'><strong>saeculo</strong></span> <span class='ocrx_word' id='word_1_173' title='bbox 2855 2429 3087 2513; x_wconf 86' lang='lat' dir='ltr'><strong>quinto</strong></span> 
     </span>
     <span class='ocr_line' id='line_1_21' title="bbox 692 2530 3086 2620; baseline 0 -20"><span class='ocrx_word' id='word_1_174' title='bbox 692 2540 1019 2600; x_wconf 85' lang='lat' dir='ltr'><strong>exaratum</strong></span> <span class='ocrx_word' id='word_1_175' title='bbox 1090 2537 1317 2618; x_wconf 90' lang='lat' dir='ltr'><strong>putent</strong></span> <span class='ocrx_word' id='word_1_176' title='bbox 1379 2530 1967 2618; x_wconf 82' lang='lat' dir='ltr'><strong>(wattenbachius,</strong></span> <span class='ocrx_word' id='word_1_177' title='bbox 2032 2532 2352 2620; x_wconf 83' lang='lat' dir='ltr'><strong>Sauppius</strong></span> <span class='ocrx_word' id='word_1_178' title='bbox 2413 2534 2457 2601; x_wconf 91' lang='lat'><strong>1.</strong></span> <span class='ocrx_word' id='word_1_179' title='bbox 2522 2536 2684 2601; x_wconf 85' lang='lat' dir='ltr'><strong>infra</strong></span> <span class='ocrx_word' id='word_1_180' title='bbox 2739 2533 2852 2614; x_wconf 88' lang='grc'>1.),</span> <span class='ocrx_word' id='word_1_181' title='bbox 2909 2534 3086 2620; x_wconf 90' lang='lat' dir='ltr'><strong>quod</strong></span> 
     </span>
     <span class='ocr_line' id='line_1_22' title="bbox 690 2639 3085 2725; baseline 0 -20"><span class='ocrx_word' id='word_1_182' title='bbox 690 2639 856 2705; x_wconf 89' lang='lat' dir='ltr'><strong>mihi</strong></span> <span class='ocrx_word' id='word_1_183' title='bbox 901 2639 1160 2724; x_wconf 90' lang='lat' dir='ltr'><strong>quidem</strong></span> <span class='ocrx_word' id='word_1_184' title='bbox 1208 2660 1333 2704; x_wconf 90' lang='lat' dir='ltr'><strong>non</strong></span> <span class='ocrx_word' id='word_1_185' title='bbox 1376 2639 1713 2725; x_wconf 88' lang='lat' dir='ltr'><strong>probatur,</strong></span> <span class='ocrx_word' id='word_1_186' title='bbox 1766 2639 1877 2705; x_wconf 89' lang='lat' dir='ltr'><strong>alii</strong></span> <span class='ocrx_word' id='word_1_187' title='bbox 1925 2647 2104 2706; x_wconf 84' lang='lat' dir='ltr'><strong>sexto</strong></span> <span class='ocrx_word' id='word_1_188' title='bbox 2143 2640 2393 2706; x_wconf 88' lang='lat' dir='ltr'><strong>saeculo</strong></span> <span class='ocrx_word' id='word_1_189' title='bbox 2435 2641 2824 2706; x_wconf 87' lang='lat' dir='ltr'><strong>adscribunt.</strong></span> <span class='ocrx_word' id='word_1_190' title='bbox 2867 2639 3085 2724; x_wconf 85' lang='lat' dir='ltr'><strong>Mihi,</strong></span> 
     </span>
     <span class='ocr_line' id='line_1_23' title="bbox 688 2744 3085 2831; baseline -0.001 -20"><span class='ocrx_word' id='word_1_191' title='bbox 688 2751 767 2811; x_wconf 88' lang='lat' dir='ltr'><strong>ut</strong></span> <span class='ocrx_word' id='word_1_192' title='bbox 824 2748 889 2808; x_wconf 88' lang='lat' dir='ltr'><strong>in</strong></span> <span class='ocrx_word' id='word_1_193' title='bbox 948 2766 1015 2810; x_wconf 91' lang='lat' dir='ltr'><strong>re</strong></span> <span class='ocrx_word' id='word_1_194' title='bbox 1062 2747 1336 2828; x_wconf 90' lang='lat' dir='ltr'><strong>incerta,</strong></span> <span class='ocrx_word' id='word_1_195' title='bbox 1386 2746 1597 2811; x_wconf 87' lang='lat' dir='ltr'><strong>medio</strong></span> <span class='ocrx_word' id='word_1_196' title='bbox 1643 2746 1772 2812; x_wconf 86' lang='lat' dir='ltr'><strong>fere</strong></span> <span class='ocrx_word' id='word_1_197' title='bbox 1821 2746 2072 2812; x_wconf 89' lang='lat' dir='ltr'><strong>saeculo</strong></span> <span class='ocrx_word' id='word_1_198' title='bbox 2119 2749 2392 2831; x_wconf 89' lang='lat' dir='ltr'><strong>septimo</strong></span> <span class='ocrx_word' id='word_1_199' title='bbox 2439 2749 2751 2831; x_wconf 87' lang='lat' dir='ltr'><strong>seriptum</strong></span> <span class='ocrx_word' id='word_1_200' title='bbox 2801 2744 3085 2810; x_wconf 81' lang='lat' dir='ltr'><strong>videtur.</strong></span> 
     </span>
    </p>

    <p class='ocr_par' dir='ltr' id='par_1_4' title="bbox 649 2849 3088 4208">
     <span class='ocr_line' id='line_1_24' title="bbox 782 2849 3088 2938; baseline -0.001 -22"><span class='ocrx_word' id='word_1_201' title='bbox 782 2851 898 2916; x_wconf 80' lang='lat' dir='ltr'><strong>Est</strong></span> <span class='ocrx_word' id='word_1_202' title='bbox 946 2852 1151 2938; x_wconf 79' lang='lat' dir='ltr'><strong>igitur</strong></span> <span class='ocrx_word' id='word_1_203' title='bbox 1198 2849 1391 2916; x_wconf 84' lang='lat' dir='ltr'><strong>codex</strong></span> <span class='ocrx_word' id='word_1_204' title='bbox 1437 2851 1505 2915; x_wconf 89' lang='lat' dir='ltr'><strong>in</strong></span> <span class='ocrx_word' id='word_1_205' title='bbox 1551 2854 1772 2937; x_wconf 82' lang='lat' dir='ltr'><strong>paucis</strong></span> <span class='ocrx_word' id='word_1_206' title='bbox 1817 2855 2331 2936; x_wconf 87' lang='lat' dir='ltr'><strong>vetustissimus,</strong></span> <span class='ocrx_word' id='word_1_207' title='bbox 2374 2852 2765 2918; x_wconf 85' lang='lat' dir='ltr'><strong>venerandae</strong></span> <span class='ocrx_word' id='word_1_208' title='bbox 2803 2853 3088 2935; x_wconf 87' lang='lat' dir='ltr'><strong>antiqui-</strong></span> 
     </span>
     <span class='ocr_line' id='line_1_25' title="bbox 692 2956 3088 3042; baseline -0.001 -20"><span class='ocrx_word' id='word_1_209' title='bbox 692 2958 846 3023; x_wconf 81' lang='lat' dir='ltr'><strong>tatis</strong></span> <span class='ocrx_word' id='word_1_210' title='bbox 906 2963 981 3022; x_wconf 90' lang='lat' dir='ltr'><strong>ut</strong></span> <span class='ocrx_word' id='word_1_211' title='bbox 1044 2957 1259 3031; x_wconf 89' lang='lat' dir='ltr'><strong>aiunt,</strong></span> <span class='ocrx_word' id='word_1_212' title='bbox 1327 2961 1395 3021; x_wconf 91' lang='lat' dir='ltr'><strong>at</strong></span> <span class='ocrx_word' id='word_1_213' title='bbox 1456 2956 1667 3034; x_wconf 89' lang='lat' dir='ltr'><strong>idem,</strong></span> <span class='ocrx_word' id='word_1_214' title='bbox 1735 2959 1898 3042; x_wconf 92' lang='lat' dir='ltr'><strong>quod</strong></span> <span class='ocrx_word' id='word_1_215' title='bbox 1959 2978 2111 3042; x_wconf 87' lang='lat' dir='ltr'><strong>pace</strong></span> <span class='ocrx_word' id='word_1_216' title='bbox 2173 2958 2462 3023; x_wconf 88' lang='lat' dir='ltr'><strong>omnium</strong></span> <span class='ocrx_word' id='word_1_217' title='bbox 2528 2957 2772 3022; x_wconf 89' lang='lat' dir='ltr'><strong>dictum</strong></span> <span class='ocrx_word' id='word_1_218' title='bbox 2837 2956 2922 3021; x_wconf 92' lang='lat' dir='ltr'><strong>sit</strong></span> <span class='ocrx_word' id='word_1_219' title='bbox 2967 2958 3088 3040; x_wconf 87' lang='lat' dir='ltr'><strong>qui</strong></span> 
     </span>
     <span class='ocr_line' id='line_1_26' title="bbox 693 3061 3085 3149; baseline -0.001 -19"><span class='ocrx_word' id='word_1_220' title='bbox 693 3067 1067 3130; x_wconf 82' lang='lat' dir='ltr'><strong>veterrimos</strong></span> <span class='ocrx_word' id='word_1_221' title='bbox 1115 3062 1361 3127; x_wconf 87' lang='lat' dir='ltr'><strong>codices</strong></span> <span class='ocrx_word' id='word_1_222' title='bbox 1408 3061 1708 3128; x_wconf 88' lang='lat' dir='ltr'><strong>admirari</strong></span> <span class='ocrx_word' id='word_1_223' title='bbox 1757 3064 1995 3142; x_wconf 86' lang='lat' dir='ltr'><strong>solent,</strong></span> <span class='ocrx_word' id='word_1_224' title='bbox 2045 3067 2113 3128; x_wconf 91' lang='lat' dir='ltr'><strong>in</strong></span> <span class='ocrx_word' id='word_1_225' title='bbox 2160 3065 2382 3149; x_wconf 88' lang='lat' dir='ltr'><strong>paucis</strong></span> <span class='ocrx_word' id='word_1_226' title='bbox 2429 3084 2678 3149; x_wconf 90' lang='lat' dir='ltr'><strong>quoque</strong></span> <span class='ocrx_word' id='word_1_227' title='bbox 2726 3063 3085 3129; x_wconf 88' lang='lat' dir='ltr'><strong>mendosis-</strong></span> 
     </span>
     <span class='ocr_line' id='line_1_27' title="bbox 693 3168 3088 3255; baseline -0 -20"><span class='ocrx_word' id='word_1_228' title='bbox 693 3173 915 3235; x_wconf 86' lang='lat' dir='ltr'><strong>simus.</strong></span> <span class='ocrx_word' id='word_1_229' title='bbox 988 3168 1187 3235; x_wconf 82' lang='lat' dir='ltr'><strong>Felici</strong></span> <span class='ocrx_word' id='word_1_230' title='bbox 1253 3174 1466 3234; x_wconf 89' lang='lat' dir='ltr'><strong>tamen</strong></span> <span class='ocrx_word' id='word_1_231' title='bbox 1528 3189 1679 3234; x_wconf 89' lang='lat' dir='ltr'><strong>casu</strong></span> <span class='ocrx_word' id='word_1_232' title='bbox 1744 3172 2110 3255; x_wconf 86' lang='lat' dir='ltr'><strong>supervenit</strong></span> <span class='ocrx_word' id='word_1_233' title='bbox 2156 3170 2457 3255; x_wconf 89' lang='lat' dir='ltr'><strong>quidam,</strong></span> <span class='ocrx_word' id='word_1_234' title='bbox 2504 3173 2616 3255; x_wconf 88' lang='lat' dir='ltr'><strong>qui</strong></span> <span class='ocrx_word' id='word_1_235' title='bbox 2666 3190 2826 3255; x_wconf 84' lang='lat' dir='ltr'><strong>quae</strong></span> <span class='ocrx_word' id='word_1_236' title='bbox 2870 3171 3088 3254; x_wconf 90' lang='lat' dir='ltr'><strong>prima</strong></span> 
     </span>
     <span class='ocr_line' id='line_1_28' title="bbox 693 3273 3084 3360; baseline 0 -20"><span class='ocrx_word' id='word_1_237' title='bbox 693 3295 923 3340; x_wconf 86' lang='lat' dir='ltr'><strong>manus</strong></span> <span class='ocrx_word' id='word_1_238' title='bbox 978 3283 1381 3360; x_wconf 83' lang='lat' dir='ltr'><strong>peccaverat,</strong></span> <span class='ocrx_word' id='word_1_239' title='bbox 1446 3274 1681 3340; x_wconf 85' lang='lat' dir='ltr'><strong>litteris</strong></span> <span class='ocrx_word' id='word_1_240' title='bbox 1745 3276 1900 3340; x_wconf 90' lang='lat' dir='ltr'><strong>item</strong></span> <span class='ocrx_word' id='word_1_241' title='bbox 1965 3276 2355 3353; x_wconf 88' lang='lat' dir='ltr'><strong>uncialibus,</strong></span> <span class='ocrx_word' id='word_1_242' title='bbox 2411 3297 2486 3341; x_wconf 85' lang='lat' dir='ltr'><strong>ex</strong></span> <span class='ocrx_word' id='word_1_243' title='bbox 2537 3275 2664 3341; x_wconf 89' lang='lat' dir='ltr'><strong>alio</strong></span> <span class='ocrx_word' id='word_1_244' title='bbox 2712 3275 2926 3341; x_wconf 88' lang='lat' dir='ltr'><strong>codice</strong></span> <span class='ocrx_word' id='word_1_245' title='bbox 2971 3273 3084 3340; x_wconf 83' lang='lat' dir='ltr'><strong>vel</strong></span> 
     </span>
     <span class='ocr_line' id='line_1_29' title="bbox 693 3381 3086 3470; baseline 0 -24"><span class='ocrx_word' id='word_1_246' title='bbox 693 3383 955 3447; x_wconf 84' lang='lat' dir='ltr'><strong>fortasse</strong></span> <span class='ocrx_word' id='word_1_247' title='bbox 996 3403 1073 3446; x_wconf 79' lang='lat' dir='ltr'><strong>ex</strong></span> <span class='ocrx_word' id='word_1_248' title='bbox 1112 3402 1185 3447; x_wconf 91' lang='lat' dir='ltr'><strong>eo</strong></span> <span class='ocrx_word' id='word_1_249' title='bbox 1220 3385 1357 3465; x_wconf 89' lang='lat' dir='ltr'><strong>ipso</strong></span> <span class='ocrx_word' id='word_1_250' title='bbox 1377 3428 1392 3457; x_wconf 90' lang='lat'><strong>,</strong></span> <span class='ocrx_word' id='word_1_251' title='bbox 1433 3383 1545 3466; x_wconf 87' lang='lat' dir='ltr'><strong>qui</strong></span> <span class='ocrx_word' id='word_1_252' title='bbox 1586 3382 1939 3467; x_wconf 88' lang='lat' dir='ltr'><strong>descriptus</strong></span> <span class='ocrx_word' id='word_1_253' title='bbox 1975 3389 2146 3463; x_wconf 86' lang='lat' dir='ltr'><strong>erat,</strong></span> <span class='ocrx_word' id='word_1_254' title='bbox 2187 3385 2547 3470; x_wconf 80' lang='lat' dir='ltr'><strong>corrigeret.</strong></span> <span class='ocrx_word' id='word_1_255' title='bbox 2598 3381 2716 3448; x_wconf 89' lang='lat' dir='ltr'><strong>Vel</strong></span> <span class='ocrx_word' id='word_1_256' title='bbox 2751 3385 2840 3447; x_wconf 89' lang='lat' dir='ltr'><strong>sic</strong></span> <span class='ocrx_word' id='word_1_257' title='bbox 2863 3387 3086 3447; x_wconf 86' lang='lat' dir='ltr'><strong>tamen</strong></span> 
     </span>
     <span class='ocr_line' id='line_1_30' title="bbox 694 3485 3082 3576; baseline 0 -24"><span class='ocrx_word' id='word_1_258' title='bbox 694 3492 894 3552; x_wconf 90' lang='lat' dir='ltr'><strong>scatet</strong></span> <span class='ocrx_word' id='word_1_259' title='bbox 934 3489 1183 3552; x_wconf 83' lang='lat' dir='ltr'><strong>vitiosis</strong></span> <span class='ocrx_word' id='word_1_260' title='bbox 1220 3489 1549 3571; x_wconf 87' lang='lat' dir='ltr'><strong>scripturis</strong></span> <span class='ocrx_word' id='word_1_261' title='bbox 1589 3494 1653 3552; x_wconf 89' lang='lat' dir='ltr'><strong>et</strong></span> <span class='ocrx_word' id='word_1_262' title='bbox 1692 3489 1943 3554; x_wconf 89' lang='lat' dir='ltr'><strong>mendis</strong></span> <span class='ocrx_word' id='word_1_263' title='bbox 1975 3509 2161 3555; x_wconf 91' lang='lat' dir='ltr'><strong>omne</strong></span> <span class='ocrx_word' id='word_1_264' title='bbox 2185 3509 2412 3576; x_wconf 79' lang='lat' dir='ltr'><strong>genus.</strong></span> <span class='ocrx_word' id='word_1_265' title='bbox 2461 3485 2760 3554; x_wconf 87' lang='lat' dir='ltr'><strong>Oodieem</strong></span> <span class='ocrx_word' id='word_1_266' title='bbox 2786 3493 3082 3553; x_wconf 89' lang='lat' dir='ltr'><strong>nostrum</strong></span> 
     </span>
     <span class='ocr_line' id='line_1_31' title="bbox 695 3590 3086 3681; baseline -0.001 -22"><span class='ocrx_word' id='word_1_267' title='bbox 695 3592 1142 3681; x_wconf 80' lang='lat' dir='ltr'><strong>neglegentius</strong></span> <span class='ocrx_word' id='word_1_268' title='bbox 1182 3590 1335 3655; x_wconf 88' lang='lat' dir='ltr'><strong>olim</strong></span> <span class='ocrx_word' id='word_1_269' title='bbox 1385 3592 1464 3656; x_wconf 87' lang='lat' dir='ltr'><strong>ab</strong></span> <span class='ocrx_word' id='word_1_270' title='bbox 1515 3591 1742 3658; x_wconf 86' lang='lat' dir='ltr'><strong>Ursino</strong></span> <span class='ocrx_word' id='word_1_271' title='bbox 1790 3599 1859 3658; x_wconf 87' lang='lat' dir='ltr'><strong>et</strong></span> <span class='ocrx_word' id='word_1_272' title='bbox 1901 3593 2164 3660; x_wconf 88' lang='lat' dir='ltr'><strong>Nicolao</strong></span> <span class='ocrx_word' id='word_1_273' title='bbox 2202 3592 2502 3660; x_wconf 87' lang='lat' dir='ltr'><strong>Falconio</strong></span> <span class='ocrx_word' id='word_1_274' title='bbox 2543 3601 2868 3660; x_wconf 84' lang='lat' dir='ltr'><strong>versatum</strong></span> <span class='ocrx_word' id='word_1_275' title='bbox 2915 3591 3086 3658; x_wconf 85' lang='lat' dir='ltr'><strong>Bek-</strong></span> 
     </span>
     <span class='ocr_line' id='line_1_32' title="bbox 696 3696 3080 3785; baseline 0 -20"><span class='ocrx_word' id='word_1_276' title='bbox 696 3700 886 3766; x_wconf 86' lang='lat' dir='ltr'><strong>kerus</strong></span> <span class='ocrx_word' id='word_1_277' title='bbox 905 3748 923 3783; x_wconf 94' lang='lat'><strong>,</strong></span> <span class='ocrx_word' id='word_1_278' title='bbox 965 3718 1110 3763; x_wconf 91' lang='lat' dir='ltr'><strong>cum</strong></span> <span class='ocrx_word' id='word_1_279' title='bbox 1155 3697 1497 3762; x_wconf 89' lang='lat' dir='ltr'><strong>editionem</strong></span> <span class='ocrx_word' id='word_1_280' title='bbox 1548 3696 1773 3762; x_wconf 88' lang='lat' dir='ltr'><strong>Dionis</strong></span> <span class='ocrx_word' id='word_1_281' title='bbox 1819 3705 2102 3783; x_wconf 86' lang='lat' dir='ltr'><strong>pararet,</strong></span> <span class='ocrx_word' id='word_1_282' title='bbox 2141 3702 2498 3766; x_wconf 87' lang='lat' dir='ltr'><strong>accuratius</strong></span> <span class='ocrx_word' id='word_1_283' title='bbox 2532 3701 2845 3785; x_wconf 86' lang='lat' dir='ltr'><strong>explorari</strong></span> <span class='ocrx_word' id='word_1_284' title='bbox 2867 3702 3080 3766; x_wconf 90' lang='lat' dir='ltr'><strong>iussit.</strong></span> 
     </span>
     <span class='ocr_line' id='line_1_33' title="bbox 693 3803 3083 3892; baseline -0 -22"><span class='ocrx_word' id='word_1_285' title='bbox 693 3805 983 3888; x_wconf 69' lang='lat' dir='ltr'><strong>Eri-ores,</strong></span> <span class='ocrx_word' id='word_1_286' title='bbox 1049 3823 1205 3887; x_wconf 91' lang='lat' dir='ltr'><strong>quos</strong></span> <span class='ocrx_word' id='word_1_287' title='bbox 1264 3805 1589 3868; x_wconf 89' lang='lat' dir='ltr'><strong>commisit</strong></span> <span class='ocrx_word' id='word_1_288' title='bbox 1634 3805 1693 3868; x_wconf 87' lang='lat' dir='ltr'><strong>is</strong></span> <span class='ocrx_word' id='word_1_289' title='bbox 1739 3803 1842 3868; x_wconf 89' lang='lat' dir='ltr'><strong>cui</strong></span> <span class='ocrx_word' id='word_1_290' title='bbox 1887 3803 2218 3870; x_wconf 83' lang='lat' dir='ltr'><strong>Bekkerus</strong></span> <span class='ocrx_word' id='word_1_291' title='bbox 2265 3805 2384 3870; x_wconf 87' lang='lat' dir='ltr'><strong>hoc</strong></span> <span class='ocrx_word' id='word_1_292' title='bbox 2429 3807 2766 3892; x_wconf 78' lang='lat' dir='ltr'><strong>negotium</strong></span> <span class='ocrx_word' id='word_1_293' title='bbox 2813 3805 3083 3870; x_wconf 89' lang='lat' dir='ltr'><strong>manda-</strong></span> 
     </span>
     <span class='ocr_line' id='line_1_34' title="bbox 694 3907 3081 3995; baseline -0.001 -18"><span class='ocrx_word' id='word_1_294' title='bbox 694 3917 873 3977; x_wconf 82' lang='lat' dir='ltr'><strong>verat</strong></span> <span class='ocrx_word' id='word_1_295' title='bbox 934 3929 1056 3976; x_wconf 91' lang='lat' dir='ltr'><strong>non</strong></span> <span class='ocrx_word' id='word_1_296' title='bbox 1119 3908 1394 3980; x_wconf 83' lang='lat' dir='ltr'><strong>multos,</strong></span> <span class='ocrx_word' id='word_1_297' title='bbox 1455 3911 1583 3974; x_wconf 91' lang='lat' dir='ltr'><strong>iam</strong></span> <span class='ocrx_word' id='word_1_298' title='bbox 1653 3907 1940 3994; x_wconf 89' lang='lat' dir='ltr'><strong>plerique</strong></span> <span class='ocrx_word' id='word_1_299' title='bbox 1993 3929 2028 3974; x_wconf 91' lang='lat' dir='ltr'><strong>a</strong></span> <span class='ocrx_word' id='word_1_300' title='bbox 2092 3908 2372 3994; x_wconf 82' lang='lat' dir='ltr'><strong>Sauppio</strong></span> <span class='ocrx_word' id='word_1_301' title='bbox 2433 3909 2671 3976; x_wconf 87' lang='lat' dir='ltr'><strong>sublati</strong></span> <span class='ocrx_word' id='word_1_302' title='bbox 2735 3917 2920 3994; x_wconf 91' lang='lat' dir='ltr'><strong>sunt,</strong></span> <span class='ocrx_word' id='word_1_303' title='bbox 2966 3913 3081 3995; x_wconf 91' lang='lat' dir='ltr'><strong>qui</strong></span> 
     </span>
     <span class='ocr_line' id='line_1_35' title="bbox 649 4013 3081 4101; baseline -0.001 -19"><span class='ocrx_word' id='word_1_304' title='bbox 649 4047 655 4055; x_wconf 95' lang='lat'>·</span> <span class='ocrx_word' id='word_1_305' title='bbox 691 4015 928 4082; x_wconf 74' lang='lat' dir='ltr'><strong>codicis</strong></span> <span class='ocrx_word' id='word_1_306' title='bbox 976 4014 1461 4100; x_wconf 85' lang='lat' dir='ltr'><strong>descriptionem</strong></span> <span class='ocrx_word' id='word_1_307' title='bbox 1511 4019 1575 4078; x_wconf 91' lang='lat' dir='ltr'><strong>et</strong></span> <span class='ocrx_word' id='word_1_308' title='bbox 1620 4015 1945 4079; x_wconf 82' lang='lat' dir='ltr'><strong>variarum</strong></span> <span class='ocrx_word' id='word_1_309' title='bbox 1994 4013 2344 4081; x_wconf 87' lang='lat' dir='ltr'><strong>lectionum</strong></span> <span class='ocrx_word' id='word_1_310' title='bbox 2391 4019 2713 4101; x_wconf 85' lang='lat' dir='ltr'><strong>specimen</strong></span> <span class='ocrx_word' id='word_1_311' title='bbox 2761 4016 2964 4082; x_wconf 89' lang='lat' dir='ltr'><strong>edidit</strong></span> <span class='ocrx_word' id='word_1_312' title='bbox 3009 4019 3081 4080; x_wconf 90' lang='lat' dir='ltr'><strong>in</strong></span> 
     </span>
     <span class='ocr_line' id='line_1_36' title="bbox 696 4116 3081 4208; baseline -0 -22"><span class='ocrx_word' id='word_1_313' title='bbox 696 4121 937 4187; x_wconf 82' lang='lat' dir='ltr'><strong>diurnis</strong></span> <span class='ocrx_word' id='word_1_314' title='bbox 1000 4120 1381 4185; x_wconf 86' lang='lat' dir='ltr'><strong>Academiae</strong></span> <span class='ocrx_word' id='word_1_315' title='bbox 1426 4116 1868 4206; x_wconf 81' lang='lat' dir='ltr'><strong>Gottingensis</strong></span> <span class='ocrx_word' id='word_1_316' title='bbox 1899 4119 1968 4208; x_wconf 85' lang='lat'><strong>¹).</strong></span> <span class='ocrx_word' id='word_1_317' title='bbox 2044 4120 2214 4186; x_wconf 88' lang='lat' dir='ltr'><strong>Mihi</strong></span> <span class='ocrx_word' id='word_1_318' title='bbox 2262 4140 2530 4206; x_wconf 81' lang='lat' dir='ltr'><strong>parvum</strong></span> <span class='ocrx_word' id='word_1_319' title='bbox 2581 4127 2836 4187; x_wconf 86' lang='lat' dir='ltr'><strong>tantum</strong></span> <span class='ocrx_word' id='word_1_320' title='bbox 2885 4122 3081 4206; x_wconf 90' lang='lat' dir='ltr'><strong>spici-</strong></span> 
     </span>
    </p>
   </div>
   <div class='ocr_carea' id='block_1_3' title="bbox 692 4306 1131 4318">
    <p class='ocr_par' dir='ltr' id='par_1_5' title="bbox 692 4306 1131 4318">
     <span class='ocr_line' id='line_1_37' title="bbox 692 4306 1131 4318; baseline 0 843"><span class='ocrx_word' id='word_1_321' title='bbox 692 4306 1131 4318; x_wconf 95' lang='lat' dir='ltr'><strong> </strong></span> 
     </span>
    </p>
   </div>
   <div class='ocr_carea' id='block_1_4' title="bbox 692 4407 3080 4556">
    <p class='ocr_par' dir='ltr' id='par_1_6' title="bbox 692 4407 3080 4556">
     <span class='ocr_line' id='line_1_38' title="bbox 765 4407 3080 4476; baseline 0 -19"><span class='ocrx_word' id='word_1_322' title='bbox 765 4411 817 4476; x_wconf 90' lang='lat'><strong>1)</strong></span> <span class='ocrx_word' id='word_1_323' title='bbox 856 4409 1182 4460; x_wconf 64' lang='lat' dir='ltr'><strong>Noeckriohtou</strong></span> <span class='ocrx_word' id='word_1_324' title='bbox 1222 4426 1263 4459; x_wconf 81' lang='lat' dir='ltr'><strong>v.</strong></span> <span class='ocrx_word' id='word_1_325' title='bbox 1298 4409 1347 4459; x_wconf 79' lang='lat' dir='ltr'><strong>d.</strong></span> <span class='ocrx_word' id='word_1_326' title='bbox 1380 4409 1573 4473; x_wconf 69' lang='grc' dir='ltr'><strong><em>Κὸιιίρὶ.</em></strong></span> <span class='ocrx_word' id='word_1_327' title='bbox 1614 4409 1932 4476; x_wconf 70' lang='lat' dir='ltr'><strong>Geselhokaft</strong></span> <span class='ocrx_word' id='word_1_328' title='bbox 1965 4411 2050 4460; x_wconf 76' lang='lat' dir='ltr'><strong>der</strong></span> <span class='ocrx_word' id='word_1_329' title='bbox 2091 4411 2494 4476; x_wconf 70' lang='lat' dir='ltr'><strong>Wissenschasten</strong></span> <span class='ocrx_word' id='word_1_330' title='bbox 2525 4411 2630 4460; x_wconf 70' lang='lat' dir='ltr'><strong>und</strong></span> <span class='ocrx_word' id='word_1_331' title='bbox 2659 4411 2746 4460; x_wconf 80' lang='lat' dir='ltr'><strong>der</strong></span> <span class='ocrx_word' id='word_1_332' title='bbox 2783 4410 2838 4460; x_wconf 80' lang='grc'><strong>0.</strong></span> <span class='ocrx_word' id='word_1_333' title='bbox 2873 4407 2936 4458; x_wconf 78' lang='grc' dir='ltr'><strong>Δ.</strong></span> <span class='ocrx_word' id='word_1_334' title='bbox 2965 4408 3080 4458; x_wconf 69' lang='lat' dir='ltr'><strong>Uni·</strong></span> 
     </span>
     <span class='ocr_line' id='line_1_39' title="bbox 692 4489 1808 4556; baseline -0.003 -14"><span class='ocrx_word' id='word_1_335' title='bbox 692 4493 895 4543; x_wconf 62' lang='lat' dir='ltr'><strong>versit&amp;</strong></span> <span class='ocrx_word' id='word_1_336' title='bbox 926 4508 985 4541; x_wconf 67' lang='lat' dir='ltr'><strong>su</strong></span> <span class='ocrx_word' id='word_1_337' title='bbox 1028 4489 1291 4555; x_wconf 68' lang='lat' dir='ltr'><strong>Gottinqen</strong></span> <span class='ocrx_word' id='word_1_338' title='bbox 1326 4491 1457 4540; x_wconf 74' lang='lat'>1869</span> <span class='ocrx_word' id='word_1_339' title='bbox 1490 4507 1537 4556; x_wconf 90' lang='lat' dir='ltr'><strong>p.</strong></span> <span class='ocrx_word' id='word_1_340' title='bbox 1575 4491 1673 4541; x_wconf 80' lang='lat'><strong>188</strong></span> <span class='ocrx_word' id='word_1_341' title='bbox 1706 4505 1808 4555; x_wconf 83' lang='lat' dir='ltr'><strong>sqq.</strong></span> 
     </span>
    </p>
   </div>
  </div>
 </body>
</html>
