3436 5161
1401 366 1646 417 oroneo.
2630 350 2715 417 47

331 531 502 599 unde
546 528 988 620 cognoscitur?
1030 531 1092 597 N
1095 531 1278 599 onius
1322 554 1444 617 qua
1463 579 1478 609 ,
1525 531 1724 599 codex
1774 532 1925 617 qvid
1970 530 2108 617 (pro
2156 531 2285 616 qui)
2307 580 2323 607 ,
2370 536 2719 619 utrumque

333 658 413 703 ex
457 638 852 705 correctione.
925 637 986 703 N
989 640 1120 703 onii
1165 637 1344 705 locus
1389 642 1486 703 est
1531 637 1686 705 239.
1739 635 1819 705 8:
1871 640 2179 717 „aemulus
2221 638 2716 706 similitudinem

329 746 506 811 vitae
550 743 660 813 vel
692 746 978 810 instituti
1015 764 1302 829 sequens.
1366 743 1462 809 M.
1511 742 1768 811 Tullius
1808 746 1887 811 de
1924 744 2251 830 republica
2289 742 2350 809 I:
2399 765 2525 831 qua
2546 747 2717 811 enim

331 850 651 917 iudicatur
709 854 834 917 iste
894 846 1220 936 optimus?
1283 850 1568 917 doctrina
1628 852 1875 917 artibus
1936 851 2166 918 studiis
2228 852 2409 917 audio
2480 852 2717 939 quando

327 955 668 1025 lacunosus
714 962 810 1023 est
855 959 924 1023 in
972 954 1124 1023 fine:
1177 956 1440 1023 fortasse
1483 959 1745 1025 aemulos
1787 958 2115 1043 aequando.

423 1169 532 1236 51.
594 1169 764 1236 Nam
826 1169 1126 1247 divitiae,
1194 1190 1424 1237 nomen
1444 1218 1461 1248 ,
1523 1190 1674 1257 opes
1734 1192 1972 1239 vacuae
2036 1170 2301 1239 consilio
2349 1174 2415 1237 et
2458 1170 2720 1239 vivendi

328 1280 518 1362 atque
563 1276 709 1343 aliis
753 1269 1110 1363 imperandi
1154 1278 1344 1344 modo
1363 1327 1382 1363 ‚
1431 1277 1751 1347 dedecoris
1798 1279 2021 1364 plenae
2072 1283 2223 1343 sunt
2270 1281 2335 1343 et
2387 1276 2719 1344 insolentis

326 1382 716 1468 superbiae”.

417 1490 656 1555 Moser-o
721 1488 1106 1557 desideranti
1167 1510 1446 1569 „vacuae
1491 1496 1648 1557 iusto
1695 1491 2001 1559 vivendi”
2050 1492 2283 1559 obiecit
2332 1489 2613 1557 Orellius
2650 1488 2721 1557 id

325 1594 460 1658 iam
521 1596 724 1661 inesse
768 1597 836 1659 in
882 1596 1048 1659 modo
1067 1641 1084 1674 ‚
1133 1596 1300 1681 quod
1347 1616 1474 1663 non
1539 1595 1857 1683 significet
1920 1597 2113 1663 Weiee
2156 1597 2265 1665 sed
2312 1598 2547 1664 Mam.
2618 1594 2721 1664 In·

327 1700 495 1765 iuria
559 1702 616 1765 si
661 1700 816 1787 quid
862 1701 1070 1769 video.
1139 1700 1406 1769 Modum
1453 1722 1686 1787 ponere
1734 1723 1789 1769 e.
1838 1724 1904 1791 g.
1958 1704 2419 1790 cupiditatibus
2467 1699 2717 1791 signifi-

327 1809 467 1871 cat.-
504 1826 630 1872 non
667 1808 862 1873 nimis
899 1808 1270 1889 extendere,
1311 1810 1829 1876 circumscribere
1868 1810 2283 1895 cupiditatem
2337 1812 2465 1889 „sit
2486 1809 2714 1875 modus

323 1910 656 1979 laborum”
691 1911 1016 2001 significat
1037 1911 1218 1981 finias
1241 1914 1486 1983 labores
1512 1914 1873 2001 aliquando.
1922 1915 2198 1983 Modum
2223 1916 2388 1981 habe
2412 1913 2673 1983 vivendi
2694 1960 2711 1991 ,

325 2018 404 2083 ad
466 2038 606 2084 eam
672 2040 964 2085 normam
1027 2020 1274 2085 dictum
1295 2066 1312 2099 ‚
1377 2025 1578 2087 esset:
1644 2042 1725 2087 ne
1786 2020 1983 2089 fueris
2036 2020 2233 2087 nimis
2294 2022 2527 2103 vivax,
2579 2018 2713 2086 noli
2786 2008 2794 2015 ’

323 2126 522 2191 nimis
562 2124 674 2191 diu
705 2126 956 2199 vivere,
996 2125 1164 2211 quod
1202 2131 1612 2212 praeceptum
1649 2127 1931 2212 quidet,
1968 2133 2107 2193 tam
2133 2125 2373 2193 stultus
2400 2131 2496 2192 est
2515 2146 2709 2211 quam

322 2232 434 2316 qui
475 2233 536 2297 ei
574 2231 960 2316 obsequitur.
1011 2230 1206 2298 Aliud
1245 2238 1444 2299 esset:
1490 2235 1576 2299 sit
1610 2233 1841 2300 modus
1864 2232 2163 2319 cupiendi
2194 2232 2456 2320 longam
2479 2231 2713 2299 vitam.

324 2338 544 2403 Modus
589 2338 795 2427 igitur
840 2337 908 2403 h.
932 2335 978 2402 1.
1019 2358 1144 2404 non
1183 2338 1504 2427 significat
1541 2340 1921 2417 modulum3
1956 2359 2083 2405 non
2122 2341 2255 2405 sine
2280 2358 2469 2405 causa
2490 2339 2711 2405 haese-

321 2448 472 2509 runt
495 2442 790 2510 Moser-us
817 2445 1060 2527 („iusto
1082 2444 1404 2531 vivendi”)
1425 2452 1492 2511 et
1515 2444 1804 2511 Osannus
1829 2444 2203 2529 („iubendi’'
2230 2465 2345 2531 pro
2369 2441 2711 2522 „vivendi”

321 2548 760 2636 substituens).
829 2547 1203 2634 Requiritur
1264 2550 1433 2636 quod
1495 2552 1637 2616 aliie
1682 2555 2074 2637 opponatur-3
2123 2570 2273 2617 nam
2327 2550 2395 2616 id
2438 2550 2711 2618 vocabu-

320 2654 462 2721 lum
506 2677 676 2721 nunc
724 2655 1035 2722 abundat:
1090 2656 1348 2722 offensio
1395 2655 1662 2728 tolletur
1679 2705 1696 2733 ,
1746 2659 1803 2720 si
1848 2676 1963 2742 pro
2000 2673 2266 2722 omnum
2306 2657 2711 2722 substituetis

321 2777 430 2830 sm
487 2777 764 2830 anesum
782 2808 801 2841 ,
866 2782 981 2828 nec
1041 2782 1261 2851 regere
1320 2765 1586 2848 possunt
1643 2783 1711 2827 se
1770 2763 1941 2848 ipsos
2000 2781 2115 2826 nec
2179 2761 2325 2827 aliis
2368 2763 2707 2847 imperare.

318 2866 590 2954 Aliquot
633 2868 886 2936 litterae
931 2869 1296 2936 exciderant
1347 2886 1439 2936 ‚m
1459 2917 1476 2933 .
1507 2915 1524 2932 .
1553 2917 1570 2934 .
1593 2886 1782 2954 num,
1830 2867 1999 2936 unde
2048 2883 2331 2934 vinum.

414 3082 522 3149 52.
575 3081 848 3170 „quibus
886 3083 1360 3172 (optimatibus)
1397 3104 1534 3152 rem
1574 3083 1897 3172 publicam
1947 3083 2275 3151 tuentibus
2305 3083 2709 3150 beatissimos

323 3209 455 3256 esse
489 3191 756 3276 populos
800 3211 1054 3258 necesse
1099 3199 1196 3258 est
1215 3240 1232 3270 ‚
1283 3211 1518 3259 vacuos
1565 3193 1742 3258 omni
1791 3211 1941 3257 cura
1991 3194 2056 3256 et
2094 3191 2511 3278 cogitatione,
2562 3189 2711 3255 aliis

319 3299 630 3383 permisso
667 3299 798 3364 otio
843 3317 958 3364 suo
977 3347 996 3382 ,
1044 3299 1276 3384 quibus
1324 3297 1396 3364 id
1442 3297 1753 3364 tuendum
1796 3301 1892 3362 est
1927 3317 2131 3382 neque
2173 3293 2709 3364 committendum

319 3409 396 3468 ut
439 3424 556 3470 sua
601 3403 936 3472 commoda
981 3402 1256 3490 populus
1301 3403 1564 3492 neglegi
1607 3423 1646 3470 a
1684 3403 2081 3489 principibus
2118 3400 2368 3489 putet.”

407 3508 698 3596 Populus
753 3511 992 3593 σχολὴν
1053 3508 1202 3589 ἄγει
1251 3507 1397 3590 πρὸς
1447 3509 1534 3574 τὰ
1581 3509 1843 3592 ἑαυτοῦ,
1889 3506 2055 3576 liber
2100 3527 2235 3576 esse
2278 3507 2423 3578 vult
2472 3525 2511 3574 a
2557 3527 2709 3577 cura

319 3615 577 3704 publica
621 3621 696 3684 ut
743 3619 878 3683 suis
923 3617 1114 3685 rebus
1159 3621 1344 3684 vacet
1359 3661 1378 3694 ,
1433 3635 1534 3682 res
1580 3614 1788 3702 igitur
1832 3616 2186 3680 committit
2230 3616 2449 3700 paucis
2494 3612 2705 3680 mode-

315 3723 632 3790 ratoribus
649 3769 668 3802 ‚
713 3724 947 3808 quibus
993 3723 1061 3789 id
1101 3721 1425 3810 agendum
1473 3725 1601 3800 est,
1653 3726 1731 3786 ut
1776 3718 2050 3807 populus
2096 3721 2165 3786 in
2214 3723 2346 3787 otio
2382 3725 2448 3786 et
2488 3721 2705 3805 quiete

315 3834 705 3916 permaneat.
767 3827 908 3896 Hoc
955 3849 1148 3915 quam
1197 3827 1467 3895 moleste
1513 3827 1763 3894 dicatur
1805 3828 2220 3912 „permittere
2260 3825 2453 3892 alicui
2494 3827 2702 3892 otium

317 3935 551 4002 suum”
599 3938 868 4021 quisque
915 3935 1128 4012 videt;
1172 3941 1366 4020 puto:
1419 3933 1608 4012 „aliis
1657 3935 1964 4019 permisso
2010 3931 2243 4014 negotio
2290 3929 2463 3996 suo.”
2522 3928 2705 4000 Cete-

317 4063 460 4108 rum
509 4039 828 4110 Graecum
878 4041 1117 4110 fontem
1166 4043 1236 4106 in
1281 4040 1400 4106 hac
1449 4038 1877 4124 disputatione
1918 4037 2169 4104 odorari
2204 4037 2459 4123 videor,
2502 4037 2701 4102 etiam

317 4255 529 4334 κρᾶσιν
572 4251 1044 4335 ἐπιτηδειότερον
1091 4251 1222 4339 (vel
1271 4248 1735 4337 εὐκαιρότερον).
1807 4248 2029 4316 Videri
2072 4253 2337 4335 possunt
2380 4269 2461 4315 ex
2505 4245 2701 4335 paulo

314 4357 604 4446 longiore
661 4359 1196 4426 demonstratione
1258 4363 1472 4424 sumta
1492 4403 1510 4434 ‚
1577 4375 1702 4441 quo
1760 4353 1830 4420 τὸ
1894 4354 2082 4430 μέσον
2144 4352 2375 4434 ἄριστα
2424 4353 2700 4431 κείμενον

316 4463 714 4546 ἑκατέρωθεν,
755 4485 953 4550 eoque
990 4466 1128 4551 ipso
1168 4462 1247 4529 ad
1287 4463 1813 4548 temperationem
1856 4461 2262 4546 aptissimum
2286 4478 2421 4525 esse
2444 4457 2701 4526 demon·
2746 4481 2754 4491 ·
