<?xml version="1.0" encoding="UTF-8"?>
<!DOCTYPE html PUBLIC "-//W3C//DTD XHTML 1.0 Transitional//EN"
    "http://www.w3.org/TR/xhtml1/DTD/xhtml1-transitional.dtd">
<html xmlns="http://www.w3.org/1999/xhtml" xml:lang="en" lang="en">
 <head>
  <title>
</title>
<meta http-equiv="Content-Type" content="text/html;charset=utf-8" />
  <meta name='ocr-system' content='tesseract 3.04.00' />
  <meta name='ocr-capabilities' content='ocr_page ocr_carea ocr_par ocr_line ocrx_word'/>
</head>
<body>
  <div class='ocr_page' id='page_1' title='image "./mnemosynevolume00verdgoog_0307.png"; bbox 0 0 3436 5161; ppageno 0'>
   <div class='ocr_carea' id='block_1_1' title="bbox 1475 341 2781 410">
    <p class='ocr_par' dir='ltr' id='par_1_1' title="bbox 1475 341 2781 410">
     <span class='ocr_line' id='line_1_1' title="bbox 1475 341 2781 410; baseline 0 0"><span class='ocrx_word' id='word_1_1' title='bbox 1475 360 1714 410; x_wconf 72' lang='lat' dir='ltr'>cronno.</span> <span class='ocrx_word' id='word_1_2' title='bbox 2648 341 2781 410; x_wconf 80' lang='grc'>289</span> 
     </span>
    </p>
   </div>
   <div class='ocr_carea' id='block_1_2' title="bbox 395 525 2788 1671">
    <p class='ocr_par' dir='ltr' id='par_1_2' title="bbox 395 525 2788 1671">
     <span class='ocr_line' id='line_1_2' title="bbox 397 525 2785 614; baseline -0.001 -22"><span class='ocrx_word' id='word_1_3' title='bbox 397 530 684 614; x_wconf 85' lang='lat' dir='ltr'>primum</span> <span class='ocrx_word' id='word_1_4' title='bbox 732 544 802 592; x_wconf 76' lang='lat'>121</span> <span class='ocrx_word' id='word_1_5' title='bbox 846 526 1130 592; x_wconf 80' lang='lat' dir='ltr'>deletum</span> <span class='ocrx_word' id='word_1_6' title='bbox 1177 532 1243 592; x_wconf 90' lang='lat' dir='ltr'>et</span> <span class='ocrx_word' id='word_1_7' title='bbox 1291 548 1328 591; x_wconf 90' lang='lat' dir='ltr'>a</span> <span class='ocrx_word' id='word_1_8' title='bbox 1375 545 1500 610; x_wconf 87' lang='lat' dir='ltr'>quo</span> <span class='ocrx_word' id='word_1_9' title='bbox 1549 528 1815 591; x_wconf 87' lang='lat' dir='ltr'>tertium</span> <span class='ocrx_word' id='word_1_10' title='bbox 1864 543 1934 590; x_wconf 86' lang='lat' dir='ltr'>m</span> <span class='ocrx_word' id='word_1_11' title='bbox 1980 531 2044 590; x_wconf 91' lang='lat' dir='ltr'>et</span> <span class='ocrx_word' id='word_1_12' title='bbox 2090 525 2307 591; x_wconf 88' lang='lat' dir='ltr'>littera</span> <span class='ocrx_word' id='word_1_13' title='bbox 2348 545 2375 590; x_wconf 91' lang='lat'>1</span> <span class='ocrx_word' id='word_1_14' title='bbox 2414 525 2659 590; x_wconf 88' lang='lat' dir='ltr'>adiecta</span> <span class='ocrx_word' id='word_1_15' title='bbox 2699 529 2785 590; x_wconf 85' lang='lat' dir='ltr'>sit</span> 
     </span>
     <span class='ocr_line' id='line_1_3' title="bbox 396 631 2786 718; baseline -0.002 -19"><span class='ocrx_word' id='word_1_16' title='bbox 396 634 492 699; x_wconf 83' lang='lat' dir='ltr'>M.</span> <span class='ocrx_word' id='word_1_17' title='bbox 544 653 667 698; x_wconf 91' lang='lat' dir='ltr'>non</span> <span class='ocrx_word' id='word_1_18' title='bbox 709 635 921 718; x_wconf 87' lang='lat' dir='ltr'>potuit</span> <span class='ocrx_word' id='word_1_19' title='bbox 962 632 1378 698; x_wconf 86' lang='lat' dir='ltr'>discernere”.</span> <span class='ocrx_word' id='word_1_20' title='bbox 1451 631 1590 697; x_wconf 89' lang='lat' dir='ltr'>Has</span> <span class='ocrx_word' id='word_1_21' title='bbox 1636 634 1843 718; x_wconf 89' lang='lat' dir='ltr'>igitur</span> <span class='ocrx_word' id='word_1_22' title='bbox 1878 651 2107 695; x_wconf 89' lang='lat' dir='ltr'>manus</span> <span class='ocrx_word' id='word_1_23' title='bbox 2144 631 2537 718; x_wconf 80' lang='lat' dir='ltr'>distinguere</span> <span class='ocrx_word' id='word_1_24' title='bbox 2580 632 2786 716; x_wconf 88' lang='lat' dir='ltr'>insig-</span> 
     </span>
     <span class='ocr_line' id='line_1_4' title="bbox 395 736 2782 826; baseline -0.001 -22"><span class='ocrx_word' id='word_1_25' title='bbox 395 742 496 804; x_wconf 87' lang='lat' dir='ltr'>nis</span> <span class='ocrx_word' id='word_1_26' title='bbox 540 745 636 804; x_wconf 89' lang='lat' dir='ltr'>est</span> <span class='ocrx_word' id='word_1_27' title='bbox 681 740 947 823; x_wconf 80' lang='lat' dir='ltr'><strong>peritiae</strong></span> <span class='ocrx_word' id='word_1_28' title='bbox 993 736 1583 826; x_wconf 78' lang='lat' dir='ltr'>palaeographicae,</span> <span class='ocrx_word' id='word_1_29' title='bbox 1639 738 1861 824; x_wconf 86' lang='lat' dir='ltr'>exigui</span> <span class='ocrx_word' id='word_1_30' title='bbox 1909 757 2083 801; x_wconf 87' lang='lat' dir='ltr'>usus.</span> <span class='ocrx_word' id='word_1_31' title='bbox 2153 736 2221 802; x_wconf 79' lang='lat' dir='ltr'>si</span> <span class='ocrx_word' id='word_1_32' title='bbox 2262 741 2433 802; x_wconf 91' lang='lat' dir='ltr'>enim</span> <span class='ocrx_word' id='word_1_33' title='bbox 2474 738 2782 801; x_wconf 87' lang='lat' dir='ltr'>maiorem</span> 
     </span>
     <span class='ocr_line' id='line_1_5' title="bbox 396 841 2785 928; baseline -0.001 -19"><span class='ocrx_word' id='word_1_34' title='bbox 396 844 520 910; x_wconf 90' lang='lat' dir='ltr'>sibi</span> <span class='ocrx_word' id='word_1_35' title='bbox 569 846 1021 910; x_wconf 88' lang='lat' dir='ltr'>auctoritatem</span> <span class='ocrx_word' id='word_1_36' title='bbox 1070 844 1392 909; x_wconf 85' lang='lat' dir='ltr'>vindicare</span> <span class='ocrx_word' id='word_1_37' title='bbox 1438 849 1650 928; x_wconf 88' lang='lat' dir='ltr'>posset</span> <span class='ocrx_word' id='word_1_38' title='bbox 1703 844 1753 906; x_wconf 82' lang='lat'><em>0</em></span> <span class='ocrx_word' id='word_1_39' title='bbox 1793 844 1890 907; x_wconf 83' lang='lat' dir='ltr'>vel</span> <span class='ocrx_word' id='word_1_40' title='bbox 1932 865 1965 908; x_wconf 81' lang='lat' dir='ltr'>c</span> <span class='ocrx_word' id='word_1_41' title='bbox 2012 861 2203 927; x_wconf 88' lang='lat' dir='ltr'>quam</span> <span class='ocrx_word' id='word_1_42' title='bbox 2254 844 2311 907; x_wconf 81' lang='grc' dir='ltr'>ο·</span> <span class='ocrx_word' id='word_1_43' title='bbox 2364 841 2648 907; x_wconf 89' lang='lat' dir='ltr'>multum</span> <span class='ocrx_word' id='word_1_44' title='bbox 2684 843 2785 906; x_wconf 90' lang='lat' dir='ltr'>in-</span> 
     </span>
     <span class='ocr_line' id='line_1_6' title="bbox 397 948 2785 1036; baseline -0.001 -21"><span class='ocrx_word' id='word_1_45' title='bbox 397 955 660 1015; x_wconf 84' lang='lat' dir='ltr'>teresset</span> <span class='ocrx_word' id='word_1_46' title='bbox 725 950 806 1015; x_wconf 90' lang='lat' dir='ltr'>ad</span> <span class='ocrx_word' id='word_1_47' title='bbox 851 949 1355 1015; x_wconf 77' lang='lat' dir='ltr'>constituendam</span> <span class='ocrx_word' id='word_1_48' title='bbox 1401 949 1747 1015; x_wconf 85' lang='lat' dir='ltr'>lectionem</span> <span class='ocrx_word' id='word_1_49' title='bbox 1798 948 2073 1036; x_wconf 87' lang='lat' dir='ltr'>singulis</span> <span class='ocrx_word' id='word_1_50' title='bbox 2119 948 2276 1013; x_wconf 89' lang='lat' dir='ltr'>locis</span> <span class='ocrx_word' id='word_1_51' title='bbox 2322 951 2515 1031; x_wconf 87' lang='lat' dir='ltr'>scire,</span> <span class='ocrx_word' id='word_1_52' title='bbox 2564 953 2785 1013; x_wconf 82' lang='lat' dir='ltr'>utrum</span> 
     </span>
     <span class='ocr_line' id='line_1_7' title="bbox 397 1053 2783 1154; baseline -0.001 -34"><span class='ocrx_word' id='word_1_53' title='bbox 397 1055 580 1154; x_wconf 65' lang='lat' dir='ltr'>illius</span> <span class='ocrx_word' id='word_1_54' title='bbox 622 1063 788 1120; x_wconf 88' lang='lat' dir='ltr'>esset</span> <span class='ocrx_word' id='word_1_55' title='bbox 832 1057 1133 1120; x_wconf 87' lang='lat' dir='ltr'>correctio</span> <span class='ocrx_word' id='word_1_56' title='bbox 1179 1075 1256 1118; x_wconf 91' lang='lat' dir='ltr'>an</span> <span class='ocrx_word' id='word_1_57' title='bbox 1307 1055 1570 1120; x_wconf 86' lang='lat' dir='ltr'>alterius</span> <span class='ocrx_word' id='word_1_58' title='bbox 1612 1059 1712 1138; x_wconf 77' lang='lat'>0¹3</span> <span class='ocrx_word' id='word_1_59' title='bbox 1756 1054 1862 1119; x_wconf 86' lang='lat' dir='ltr'>sed</span> <span class='ocrx_word' id='word_1_60' title='bbox 1897 1055 2017 1118; x_wconf 89' lang='lat' dir='ltr'>hoc</span> <span class='ocrx_word' id='word_1_61' title='bbox 2057 1053 2351 1118; x_wconf 89' lang='lat' dir='ltr'>contendi</span> <span class='ocrx_word' id='word_1_62' title='bbox 2390 1074 2514 1118; x_wconf 92' lang='lat' dir='ltr'>non</span> <span class='ocrx_word' id='word_1_63' title='bbox 2552 1058 2783 1138; x_wconf 86' lang='lat' dir='ltr'>potest.</span> 
     </span>
     <span class='ocr_line' id='line_1_8' title="bbox 402 1159 2786 1245; baseline -0.001 -18"><span class='ocrx_word' id='word_1_64' title='bbox 402 1162 687 1228; x_wconf 84' lang='lat' dir='ltr'>Alteram</span> <span class='ocrx_word' id='word_1_65' title='bbox 724 1182 989 1226; x_wconf 88' lang='lat' dir='ltr'>manum</span> <span class='ocrx_word' id='word_1_66' title='bbox 1034 1162 1270 1225; x_wconf 89' lang='lat' dir='ltr'>bonum</span> <span class='ocrx_word' id='word_1_67' title='bbox 1310 1159 1609 1226; x_wconf 88' lang='lat' dir='ltr'>habuisse</span> <span class='ocrx_word' id='word_1_68' title='bbox 1647 1181 1836 1245; x_wconf 88' lang='lat' dir='ltr'>quem</span> <span class='ocrx_word' id='word_1_69' title='bbox 1882 1165 2249 1244; x_wconf 80' lang='lat' dir='ltr'>sequeretur</span> <span class='ocrx_word' id='word_1_70' title='bbox 2287 1160 2565 1224; x_wconf 82' lang='lat' dir='ltr'>codicem</span> <span class='ocrx_word' id='word_1_71' title='bbox 2596 1179 2786 1242; x_wconf 84' lang='lat' dir='ltr'>supra</span> 
     </span>
     <span class='ocr_line' id='line_1_9' title="bbox 401 1264 2785 1351; baseline -0.002 -18"><span class='ocrx_word' id='word_1_72' title='bbox 401 1268 906 1333; x_wconf 87' lang='lat' dir='ltr'>demonstratum</span> <span class='ocrx_word' id='word_1_73' title='bbox 953 1273 1051 1331; x_wconf 86' lang='lat' dir='ltr'>est</span> <span class='ocrx_word' id='word_1_74' title='bbox 1092 1265 1228 1330; x_wconf 87' lang='lat' dir='ltr'>Vol.</span> <span class='ocrx_word' id='word_1_75' title='bbox 1274 1265 1423 1331; x_wconf 89' lang='lat' dir='ltr'>XII.</span> <span class='ocrx_word' id='word_1_76' title='bbox 1465 1287 1523 1351; x_wconf 86' lang='lat' dir='ltr'>p.</span> <span class='ocrx_word' id='word_1_77' title='bbox 1564 1264 1696 1330; x_wconf 82' lang='lat'>283</span> <span class='ocrx_word' id='word_1_78' title='bbox 1742 1286 1831 1350; x_wconf 91' lang='lat' dir='ltr'>sq.</span> <span class='ocrx_word' id='word_1_79' title='bbox 1882 1265 2211 1330; x_wconf 87' lang='lat' dir='ltr'>Plurimae</span> <span class='ocrx_word' id='word_1_80' title='bbox 2253 1264 2516 1330; x_wconf 88' lang='lat' dir='ltr'>alterius</span> <span class='ocrx_word' id='word_1_81' title='bbox 2559 1286 2785 1330; x_wconf 90' lang='lat' dir='ltr'>manus</span> 
     </span>
     <span class='ocr_line' id='line_1_10' title="bbox 401 1371 2785 1457; baseline -0.002 -19"><span class='ocrx_word' id='word_1_82' title='bbox 401 1373 702 1438; x_wconf 82' lang='lat' dir='ltr'>lectiones</span> <span class='ocrx_word' id='word_1_83' title='bbox 763 1380 876 1438; x_wconf 87' lang='lat' dir='ltr'>aut</span> <span class='ocrx_word' id='word_1_84' title='bbox 933 1372 1433 1457; x_wconf 83' lang='lat' dir='ltr'>aequiparandae</span> <span class='ocrx_word' id='word_1_85' title='bbox 1494 1380 1641 1437; x_wconf 91' lang='lat' dir='ltr'>sunt</span> <span class='ocrx_word' id='word_1_86' title='bbox 1689 1378 1803 1437; x_wconf 86' lang='lat' dir='ltr'>aut</span> <span class='ocrx_word' id='word_1_87' title='bbox 1850 1371 2287 1456; x_wconf 87' lang='lat' dir='ltr'>praeferendae</span> <span class='ocrx_word' id='word_1_88' title='bbox 2338 1374 2533 1436; x_wconf 87' lang='lat' dir='ltr'>etiam</span> <span class='ocrx_word' id='word_1_89' title='bbox 2578 1373 2785 1455; x_wconf 92' lang='lat' dir='ltr'>primo</span> 
     </span>
     <span class='ocr_line' id='line_1_11' title="bbox 401 1477 2788 1563; baseline -0.002 -19"><span class='ocrx_word' id='word_1_90' title='bbox 401 1479 679 1545; x_wconf 86' lang='lat' dir='ltr'>librario.</span> <span class='ocrx_word' id='word_1_91' title='bbox 731 1479 913 1558; x_wconf 86' lang='lat' dir='ltr'>Quod</span> <span class='ocrx_word' id='word_1_92' title='bbox 953 1481 1006 1542; x_wconf 86' lang='lat' dir='ltr'>si</span> <span class='ocrx_word' id='word_1_93' title='bbox 1049 1481 1191 1563; x_wconf 90' lang='lat' dir='ltr'>quis</span> <span class='ocrx_word' id='word_1_94' title='bbox 1232 1479 1358 1543; x_wconf 90' lang='lat' dir='ltr'>alia</span> <span class='ocrx_word' id='word_1_95' title='bbox 1403 1478 1783 1543; x_wconf 80' lang='lat' dir='ltr'>documenta</span> <span class='ocrx_word' id='word_1_96' title='bbox 1829 1477 2175 1552; x_wconf 77' lang='lat' dir='ltr'>desideret,</span> <span class='ocrx_word' id='word_1_97' title='bbox 2218 1478 2449 1560; x_wconf 88' lang='lat' dir='ltr'>quibus</span> <span class='ocrx_word' id='word_1_98' title='bbox 2490 1483 2788 1561; x_wconf 84' lang='lat' dir='ltr'>appareat</span> 
     </span>
     <span class='ocr_line' id='line_1_12' title="bbox 401 1584 2464 1671; baseline -0.002 -21"><span class='ocrx_word' id='word_1_99' title='bbox 401 1606 476 1650; x_wconf 86' lang='lat' dir='ltr'>ex</span> <span class='ocrx_word' id='word_1_100' title='bbox 527 1587 690 1650; x_wconf 89' lang='lat' dir='ltr'>bono</span> <span class='ocrx_word' id='word_1_101' title='bbox 735 1585 908 1650; x_wconf 86' lang='lat' dir='ltr'>fonte</span> <span class='ocrx_word' id='word_1_102' title='bbox 954 1585 1238 1650; x_wconf 80' lang='lat' dir='ltr'>hausisse</span> <span class='ocrx_word' id='word_1_103' title='bbox 1289 1584 1590 1668; x_wconf 87' lang='lat' dir='ltr'>alteram,</span> <span class='ocrx_word' id='word_1_104' title='bbox 1638 1586 1940 1671; x_wconf 88' lang='lat' dir='ltr'>inspiciat</span> <span class='ocrx_word' id='word_1_105' title='bbox 1985 1584 2151 1648; x_wconf 88' lang='lat' dir='ltr'>infra</span> <span class='ocrx_word' id='word_1_106' title='bbox 2198 1586 2464 1667; x_wconf 85' lang='lat' dir='ltr'>scripta:</span> 
     </span>
    </p>
   </div>
   <div class='ocr_carea' id='block_1_3' title="bbox 400 1795 2789 2289">
    <p class='ocr_par' dir='ltr' id='par_1_3' title="bbox 400 1795 2789 2289">
     <span class='ocr_line' id='line_1_13' title="bbox 489 1795 2784 1882; baseline -0.001 -20"><span class='ocrx_word' id='word_1_107' title='bbox 489 1797 578 1862; x_wconf 89' lang='lat' dir='ltr'>H.</span> <span class='ocrx_word' id='word_1_108' title='bbox 645 1797 753 1865; x_wconf 83' lang='lat'>28.</span> <span class='ocrx_word' id='word_1_109' title='bbox 825 1797 1132 1874; x_wconf 89' lang='lat' dir='ltr'>‚‚Verene,</span> <span class='ocrx_word' id='word_1_110' title='bbox 1203 1799 1412 1882; x_wconf 88' lang='lat' dir='ltr'>inquit</span> <span class='ocrx_word' id='word_1_111' title='bbox 1475 1796 1821 1879; x_wconf 85' lang='lat' dir='ltr'>Manilius,</span> <span class='ocrx_word' id='word_1_112' title='bbox 1884 1798 2004 1861; x_wconf 88' lang='lat' dir='ltr'>hoe</span> <span class='ocrx_word' id='word_1_113' title='bbox 2066 1799 2413 1860; x_wconf 88' lang='lat' dir='ltr'>memoriae</span> <span class='ocrx_word' id='word_1_114' title='bbox 2459 1795 2784 1879; x_wconf 83' lang='lat' dir='ltr'>proditum</span> 
     </span>
     <span class='ocr_line' id='line_1_14' title="bbox 400 1901 2789 1990; baseline -0.003 -20"><span class='ocrx_word' id='word_1_115' title='bbox 400 1910 526 1980; x_wconf 85' lang='lat' dir='ltr'>est,</span> <span class='ocrx_word' id='word_1_116' title='bbox 595 1905 923 1986; x_wconf 83' lang='lat' dir='ltr'>Africana,</span> <span class='ocrx_word' id='word_1_117' title='bbox 974 1923 1191 1990; x_wconf 89' lang='lat' dir='ltr'>regem</span> <span class='ocrx_word' id='word_1_118' title='bbox 1239 1905 1438 1967; x_wconf 89' lang='lat' dir='ltr'>istum</span> <span class='ocrx_word' id='word_1_119' title='bbox 1493 1901 1779 1967; x_wconf 90' lang='lat' dir='ltr'>Numam</span> <span class='ocrx_word' id='word_1_120' title='bbox 1828 1902 2377 1989; x_wconf 79' lang='lat' dir='ltr'>Pythagorae[ne]</span> <span class='ocrx_word' id='word_1_121' title='bbox 2429 1907 2620 1986; x_wconf 72' lang='lat' dir='ltr'>ipsius</span> <span class='ocrx_word' id='word_1_122' title='bbox 2664 1905 2789 1965; x_wconf 72' lang='lat' dir='ltr'>dic-</span> 
     </span>
     <span class='ocr_line' id='line_1_15' title="bbox 402 2008 2787 2096; baseline -0 -22"><span class='ocrx_word' id='word_1_123' title='bbox 402 2013 663 2094; x_wconf 78' lang='lat' dir='ltr'>cipulum</span> <span class='ocrx_word' id='word_1_124' title='bbox 728 2035 808 2074; x_wconf 81' lang='lat' dir='ltr'>an</span> <span class='ocrx_word' id='word_1_125' title='bbox 869 2019 1021 2074; x_wconf 74' lang='lat' dir='ltr'>certe</span> <span class='ocrx_word' id='word_1_126' title='bbox 1080 2011 1515 2092; x_wconf 67' lang='lat' dir='ltr'>Bythaqoreum</span> <span class='ocrx_word' id='word_1_127' title='bbox 1567 2009 1837 2096; x_wconf 47' lang='lat' dir='ltr'>fuicae’fi</span> <span class='ocrx_word' id='word_1_128' title='bbox 1925 2008 2206 2074; x_wconf 82' lang='lat' dir='ltr'>Litterae</span> <span class='ocrx_word' id='word_1_129' title='bbox 2265 2011 2553 2074; x_wconf 81' lang='lat' dir='ltr'>cursivae</span> <span class='ocrx_word' id='word_1_130' title='bbox 2621 2009 2787 2073; x_wconf 88' lang='lat' dir='ltr'>indi-</span> 
     </span>
     <span class='ocr_line' id='line_1_16' title="bbox 400 2113 2787 2202; baseline -0.001 -20"><span class='ocrx_word' id='word_1_131' title='bbox 400 2126 548 2184; x_wconf 83' lang='lat' dir='ltr'>cant</span> <span class='ocrx_word' id='word_1_132' title='bbox 611 2118 710 2182; x_wconf 73' lang='lat'>2²⁰</span> <span class='ocrx_word' id='word_1_133' title='bbox 755 2138 982 2182; x_wconf 89' lang='lat' dir='ltr'>manus</span> <span class='ocrx_word' id='word_1_134' title='bbox 1029 2116 1538 2182; x_wconf 88' lang='lat' dir='ltr'>additamentum</span> <span class='ocrx_word' id='word_1_135' title='bbox 1590 2113 1708 2202; x_wconf 55' lang='grc' dir='ltr'><strong>(οἳ)</strong></span> <span class='ocrx_word' id='word_1_136' title='bbox 1758 2117 2029 2181; x_wconf 88' lang='lat' dir='ltr'>testibus</span> <span class='ocrx_word' id='word_1_137' title='bbox 2074 2115 2339 2200; x_wconf 79' lang='lat' dir='ltr'>Rievio,</span> <span class='ocrx_word' id='word_1_138' title='bbox 2396 2114 2787 2191; x_wconf 88' lang='lat' dir='ltr'>Detlefseno,</span> 
     </span>
     <span class='ocr_line' id='line_1_17' title="bbox 403 2223 646 2289; baseline -0.004 -1"><span class='ocrx_word' id='word_1_139' title='bbox 403 2223 646 2289; x_wconf 83' lang='lat' dir='ltr'>Mavio.</span> 
     </span>
    </p>
   </div>
   <div class='ocr_carea' id='block_1_4' title="bbox 407 2433 2786 2625">
    <p class='ocr_par' dir='ltr' id='par_1_4' title="bbox 407 2433 2786 2625">
     <span class='ocr_line' id='line_1_18' title="bbox 496 2433 2786 2521; baseline -0 -22"><span class='ocrx_word' id='word_1_140' title='bbox 496 2433 575 2499; x_wconf 91' lang='lat'>11.</span> <span class='ocrx_word' id='word_1_141' title='bbox 646 2434 753 2499; x_wconf 84' lang='lat'>45.</span> <span class='ocrx_word' id='word_1_142' title='bbox 821 2435 1031 2512; x_wconf 84' lang='lat' dir='ltr'>„Nam</span> <span class='ocrx_word' id='word_1_143' title='bbox 1095 2455 1205 2500; x_wconf 86' lang='lat' dir='ltr'>rex</span> <span class='ocrx_word' id='word_1_144' title='bbox 1267 2433 1380 2500; x_wconf 93' lang='lat' dir='ltr'>ille</span> <span class='ocrx_word' id='word_1_145' title='bbox 1430 2471 1512 2484; x_wconf 92' lang='lat'>—-</span> <span class='ocrx_word' id='word_1_146' title='bbox 1561 2436 1815 2521; x_wconf 88' lang='lat' dir='ltr'>integra</span> <span class='ocrx_word' id='word_1_147' title='bbox 1874 2439 2089 2498; x_wconf 90' lang='lat' dir='ltr'>mente</span> <span class='ocrx_word' id='word_1_148' title='bbox 2132 2453 2257 2498; x_wconf 92' lang='lat' dir='ltr'>non</span> <span class='ocrx_word' id='word_1_149' title='bbox 2304 2440 2439 2498; x_wconf 87' lang='lat' dir='ltr'>erat</span> <span class='ocrx_word' id='word_1_150' title='bbox 2487 2441 2589 2517; x_wconf 87' lang='lat' dir='ltr'>et,</span> <span class='ocrx_word' id='word_1_151' title='bbox 2638 2454 2786 2499; x_wconf 92' lang='lat' dir='ltr'>cum</span> 
     </span>
     <span class='ocr_line' id='line_1_19' title="bbox 407 2538 2672 2625; baseline -0 -18"><span class='ocrx_word' id='word_1_152' title='bbox 407 2549 726 2607; x_wconf 82' lang='lat' dir='ltr'>metueret</span> <span class='ocrx_word' id='word_1_153' title='bbox 771 2547 895 2625; x_wconf 69' lang='lat' dir='ltr'>ipse</span> <span class='ocrx_word' id='word_1_154' title='bbox 928 2563 1179 2624; x_wconf 80' lang='lat' dir='ltr'>poenam</span> <span class='ocrx_word' id='word_1_155' title='bbox 1221 2541 1466 2605; x_wconf 72' lang='lat' dir='ltr'>sceleris</span> <span class='ocrx_word' id='word_1_156' title='bbox 1512 2541 1611 2604; x_wconf 71' lang='lat' dir='ltr'>sui</span> <span class='ocrx_word' id='word_1_157' title='bbox 1653 2561 1932 2603; x_wconf 65' lang='lat' dir='ltr'>summam</span> <span class='ocrx_word' id='word_1_158' title='bbox 1952 2586 1967 2615; x_wconf 92' lang='lat'>‚</span> <span class='ocrx_word' id='word_1_159' title='bbox 2014 2539 2195 2603; x_wconf 75' lang='lat' dir='ltr'>metui</span> <span class='ocrx_word' id='word_1_160' title='bbox 2246 2559 2311 2605; x_wconf 88' lang='lat' dir='ltr'>se</span> <span class='ocrx_word' id='word_1_161' title='bbox 2359 2538 2672 2607; x_wconf 84' lang='lat' dir='ltr'>volebat’&#39;.</span> 
     </span>
    </p>
   </div>
   <div class='ocr_carea' id='block_1_5' title="bbox 403 2739 2786 2929">
    <p class='ocr_par' dir='ltr' id='par_1_5' title="bbox 403 2739 2786 2929">
     <span class='ocr_line' id='line_1_20' title="bbox 493 2739 2786 2823; baseline -0.001 -17"><span class='ocrx_word' id='word_1_162' title='bbox 493 2740 624 2806; x_wconf 85' lang='grc' dir='ltr'>Π.“</span> <span class='ocrx_word' id='word_1_163' title='bbox 649 2739 756 2804; x_wconf 87' lang='grc'>48.</span> <span class='ocrx_word' id='word_1_164' title='bbox 823 2760 1012 2817; x_wconf 83' lang='lat' dir='ltr'>„cum</span> <span class='ocrx_word' id='word_1_165' title='bbox 1076 2760 1174 2805; x_wconf 87' lang='lat' dir='ltr'>res</span> <span class='ocrx_word' id='word_1_166' title='bbox 1231 2743 1368 2823; x_wconf 86' lang='lat' dir='ltr'>ipsa</span> <span class='ocrx_word' id='word_1_167' title='bbox 1429 2739 1863 2815; x_wconf 89' lang='lat' dir='ltr'>admonuerit,</span> <span class='ocrx_word' id='word_1_168' title='bbox 1922 2745 1995 2803; x_wconf 90' lang='lat' dir='ltr'>ut</span> <span class='ocrx_word' id='word_1_169' title='bbox 2042 2740 2107 2802; x_wconf 91' lang='lat' dir='ltr'>in</span> <span class='ocrx_word' id='word_1_170' title='bbox 2156 2759 2260 2804; x_wconf 89' lang='lat' dir='ltr'>eos</span> <span class='ocrx_word' id='word_1_171' title='bbox 2306 2739 2619 2816; x_wconf 88' lang='lat' dir='ltr'>dicamus,</span> <span class='ocrx_word' id='word_1_172' title='bbox 2674 2742 2786 2823; x_wconf 91' lang='lat' dir='ltr'>qui</span> 
     </span>
     <span class='ocr_line' id='line_1_21' title="bbox 403 2844 2438 2929; baseline -0.002 -18"><span class='ocrx_word' id='word_1_173' title='bbox 403 2848 595 2911; x_wconf 84' lang='lat' dir='ltr'>etiam</span> <span class='ocrx_word' id='word_1_174' title='bbox 647 2847 901 2909; x_wconf 77' lang='lat' dir='ltr'>liberata</span> <span class='ocrx_word' id='word_1_175' title='bbox 949 2851 1066 2909; x_wconf 77' lang='lat' dir='ltr'>iam</span> <span class='ocrx_word' id='word_1_176' title='bbox 1113 2848 1376 2911; x_wconf 86' lang='lat' dir='ltr'>civitate</span> <span class='ocrx_word' id='word_1_177' title='bbox 1423 2844 1883 2921; x_wconf 88' lang='lat' dir='ltr'>dominationes</span> <span class='ocrx_word' id='word_1_178' title='bbox 1928 2844 2438 2929; x_wconf 86' lang='lat' dir='ltr'>adpetiverunt”.</span> 
     </span>
    </p>
   </div>
   <div class='ocr_carea' id='block_1_6' title="bbox 403 3042 2792 3321">
    <p class='ocr_par' dir='ltr' id='par_1_6' title="bbox 403 3042 2792 3321">
     <span class='ocr_line' id='line_1_22' title="bbox 496 3042 2792 3131; baseline 0.001 -24"><span class='ocrx_word' id='word_1_179' title='bbox 496 3042 578 3107; x_wconf 87' lang='lat' dir='ltr'>II.</span> <span class='ocrx_word' id='word_1_180' title='bbox 629 3042 736 3107; x_wconf 82' lang='lat'>52.</span> <span class='ocrx_word' id='word_1_181' title='bbox 788 3045 869 3108; x_wconf 82' lang='lat' dir='ltr'>iis</span> <span class='ocrx_word' id='word_1_182' title='bbox 914 3045 1086 3108; x_wconf 84' lang='lat' dir='ltr'>enim</span> <span class='ocrx_word' id='word_1_183' title='bbox 1135 3045 1332 3131; x_wconf 81' lang='lat' dir='ltr'>regiis</span> <span class='ocrx_word' id='word_1_184' title='bbox 1387 3082 1462 3097; x_wconf 61' lang='lat'>..-</span> <span class='ocrx_word' id='word_1_185' title='bbox 1510 3045 1690 3108; x_wconf 84' lang='lat' dir='ltr'>annis</span> <span class='ocrx_word' id='word_1_186' title='bbox 1734 3080 1815 3093; x_wconf 90' lang='lat'>-—</span> <span class='ocrx_word' id='word_1_187' title='bbox 1856 3046 2215 3128; x_wconf 80' lang='lat' dir='ltr'>praeteritis</span> <span class='ocrx_word' id='word_1_188' title='bbox 2250 3046 2601 3129; x_wconf 66' lang='lat' dir='ltr'>expulsoque</span> <span class='ocrx_word' id='word_1_189' title='bbox 2639 3043 2792 3110; x_wconf 79' lang='lat' dir='ltr'>Tar-</span> 
     </span>
     <span class='ocr_line' id='line_1_23' title="bbox 403 3148 2791 3236; baseline 0 -23"><span class='ocrx_word' id='word_1_190' title='bbox 403 3152 623 3235; x_wconf 90' lang='lat' dir='ltr'>quinio</span> <span class='ocrx_word' id='word_1_191' title='bbox 649 3155 902 3215; x_wconf 89' lang='lat' dir='ltr'>tantum</span> <span class='ocrx_word' id='word_1_192' title='bbox 927 3150 1144 3215; x_wconf 89' lang='lat' dir='ltr'>odium</span> <span class='ocrx_word' id='word_1_193' title='bbox 1175 3149 1485 3234; x_wconf 88' lang='lat' dir='ltr'>populum</span> <span class='ocrx_word' id='word_1_194' title='bbox 1503 3148 1867 3215; x_wconf 87' lang='lat' dir='ltr'>Romanum</span> <span class='ocrx_word' id='word_1_195' title='bbox 1896 3148 2131 3236; x_wconf 88' lang='lat' dir='ltr'>regalis</span> <span class='ocrx_word' id='word_1_196' title='bbox 2156 3150 2433 3215; x_wconf 88' lang='lat' dir='ltr'>nominis</span> <span class='ocrx_word' id='word_1_197' title='bbox 2458 3150 2791 3217; x_wconf 77' lang='lat' dir='ltr'>tenuit-&#39;³</span> 
     </span>
     <span class='ocr_line' id='line_1_24' title="bbox 406 3253 853 3321; baseline -0.002 -2"><span class='ocrx_word' id='word_1_198' title='bbox 406 3253 478 3319; x_wconf 89' lang='lat' dir='ltr'>In</span> <span class='ocrx_word' id='word_1_199' title='bbox 537 3254 674 3320; x_wconf 88' lang='lat' dir='ltr'>Vat.</span> <span class='ocrx_word' id='word_1_200' title='bbox 723 3261 853 3321; x_wconf 85' lang='lat' dir='ltr'>est:</span> 
     </span>
    </p>
   </div>
   <div class='ocr_carea' id='block_1_7' title="bbox 1173 3350 2033 3472">
    <p class='ocr_par' dir='ltr' id='par_1_7' title="bbox 1173 3350 2033 3472">
     <span class='ocr_line' id='line_1_25' title="bbox 1173 3350 2033 3472; baseline -0.001 -10"><span class='ocrx_word' id='word_1_201' title='bbox 1173 3350 2033 3472; x_wconf 59' lang='lat' dir='ltr'>PMTRRITISffloruLdQUR.</span> 
     </span>
    </p>
   </div>
   <div class='ocr_carea' id='block_1_8' title="bbox 397 3503 2795 4521">
    <p class='ocr_par' dir='ltr' id='par_1_8' title="bbox 397 3503 2795 4521">
     <span class='ocr_line' id='line_1_26' title="bbox 404 3503 2793 3589; baseline 0.001 -20"><span class='ocrx_word' id='word_1_202' title='bbox 404 3503 541 3569; x_wconf 89' lang='lat' dir='ltr'>Has</span> <span class='ocrx_word' id='word_1_203' title='bbox 589 3509 716 3568; x_wconf 90' lang='lat' dir='ltr'>tres</span> <span class='ocrx_word' id='word_1_204' title='bbox 773 3505 1150 3588; x_wconf 85' lang='lat' dir='ltr'>posteriores</span> <span class='ocrx_word' id='word_1_205' title='bbox 1215 3504 1626 3569; x_wconf 87' lang='lat' dir='ltr'>correctiones</span> <span class='ocrx_word' id='word_1_206' title='bbox 1697 3506 1979 3589; x_wconf 88' lang='lat' dir='ltr'>optimae</span> <span class='ocrx_word' id='word_1_207' title='bbox 2016 3511 2232 3569; x_wconf 90' lang='lat' dir='ltr'>-notae</span> <span class='ocrx_word' id='word_1_208' title='bbox 2279 3506 2383 3569; x_wconf 90' lang='lat' dir='ltr'>cui</span> <span class='ocrx_word' id='word_1_209' title='bbox 2433 3505 2793 3571; x_wconf 87' lang='lat' dir='ltr'>adscribant</span> 
     </span>
     <span class='ocr_line' id='line_1_27' title="bbox 398 3608 2791 3696; baseline 0.002 -22"><span class='ocrx_word' id='word_1_210' title='bbox 398 3608 804 3676; x_wconf 85' lang='lat' dir='ltr'>Detlefsenus</span> <span class='ocrx_word' id='word_1_211' title='bbox 867 3616 932 3674; x_wconf 89' lang='lat' dir='ltr'>et</span> <span class='ocrx_word' id='word_1_212' title='bbox 992 3609 1253 3675; x_wconf 71' lang='lat' dir='ltr'>Marius</span> <span class='ocrx_word' id='word_1_213' title='bbox 1312 3631 1436 3676; x_wconf 92' lang='lat' dir='ltr'>non</span> <span class='ocrx_word' id='word_1_214' title='bbox 1502 3615 1791 3696; x_wconf 78' lang='lat' dir='ltr'>apparet3</span> <span class='ocrx_word' id='word_1_215' title='bbox 1860 3630 2006 3675; x_wconf 89' lang='lat' dir='ltr'>nam</span> <span class='ocrx_word' id='word_1_216' title='bbox 2068 3610 2242 3675; x_wconf 86' lang='lat' dir='ltr'>solus</span> <span class='ocrx_word' id='word_1_217' title='bbox 2301 3608 2572 3678; x_wconf 80' lang='lat' dir='ltr'>Rievius</span> <span class='ocrx_word' id='word_1_218' title='bbox 2634 3612 2791 3678; x_wconf 89' lang='lat' dir='ltr'>haec</span> 
     </span>
     <span class='ocr_line' id='line_1_28' title="bbox 399 3714 2793 3802; baseline 0.001 -21"><span class='ocrx_word' id='word_1_219' title='bbox 399 3715 707 3800; x_wconf 82' lang='lat' dir='ltr'>contulit3</span> <span class='ocrx_word' id='word_1_220' title='bbox 783 3714 893 3781; x_wconf 91' lang='lat' dir='ltr'>sed</span> <span class='ocrx_word' id='word_1_221' title='bbox 967 3716 1161 3800; x_wconf 90' lang='lat' dir='ltr'>primi</span> <span class='ocrx_word' id='word_1_222' title='bbox 1230 3715 1356 3781; x_wconf 89' lang='lat' dir='ltr'>loci</span> <span class='ocrx_word' id='word_1_223' title='bbox 1424 3718 1908 3793; x_wconf 86' lang='lat' dir='ltr'>correctionem,</span> <span class='ocrx_word' id='word_1_224' title='bbox 1988 3716 2525 3799; x_wconf 88' lang='lat' dir='ltr'>quemadmodum</span> <span class='ocrx_word' id='word_1_225' title='bbox 2598 3738 2793 3802; x_wconf 91' lang='lat' dir='ltr'>paene</span> 
     </span>
     <span class='ocr_line' id='line_1_29' title="bbox 401 3820 2795 3907; baseline 0.002 -21"><span class='ocrx_word' id='word_1_226' title='bbox 401 3840 656 3896; x_wconf 88' lang='lat' dir='ltr'>omnes,</span> <span class='ocrx_word' id='word_1_227' title='bbox 728 3821 961 3905; x_wconf 82' lang='lat' dir='ltr'>quibus</span> <span class='ocrx_word' id='word_1_228' title='bbox 1023 3841 1215 3905; x_wconf 88' lang='lat' dir='ltr'>supra</span> <span class='ocrx_word' id='word_1_229' title='bbox 1285 3821 1329 3886; x_wconf 91' lang='lat' dir='ltr'>l.</span> <span class='ocrx_word' id='word_1_230' title='bbox 1357 3820 1398 3885; x_wconf 92' lang='lat'>1.</span> <span class='ocrx_word' id='word_1_231' title='bbox 1467 3842 1580 3906; x_wconf 89' lang='lat' dir='ltr'>pro</span> <span class='ocrx_word' id='word_1_232' title='bbox 1642 3821 2024 3886; x_wconf 90' lang='lat' dir='ltr'>documento</span> <span class='ocrx_word' id='word_1_233' title='bbox 2094 3842 2249 3887; x_wconf 89' lang='lat' dir='ltr'>usus</span> <span class='ocrx_word' id='word_1_234' title='bbox 2304 3844 2483 3907; x_wconf 86' lang='lat' dir='ltr'>sum,</span> <span class='ocrx_word' id='word_1_235' title='bbox 2533 3823 2795 3891; x_wconf 73' lang='lat' dir='ltr'>Mavius</span> 
     </span>
     <span class='ocr_line' id='line_1_30' title="bbox 404 3924 2790 4011; baseline 0.002 -22"><span class='ocrx_word' id='word_1_236' title='bbox 404 3946 654 4011; x_wconf 89' lang='lat' dir='ltr'>quoque</span> <span class='ocrx_word' id='word_1_237' title='bbox 715 3928 1051 3991; x_wconf 86' lang='lat' dir='ltr'>recentiori</span> <span class='ocrx_word' id='word_1_238' title='bbox 1100 3929 1436 3992; x_wconf 88' lang='lat' dir='ltr'>correctori</span> <span class='ocrx_word' id='word_1_239' title='bbox 1484 3924 1548 3992; x_wconf 86' lang='lat' dir='ltr'>c¹</span> <span class='ocrx_word' id='word_1_240' title='bbox 1597 3927 1929 3992; x_wconf 86' lang='lat' dir='ltr'>adscribit:</span> <span class='ocrx_word' id='word_1_241' title='bbox 1982 3927 2255 3993; x_wconf 89' lang='lat' dir='ltr'>secunda</span> <span class='ocrx_word' id='word_1_242' title='bbox 2299 3927 2415 3993; x_wconf 90' lang='lat' dir='ltr'>illa</span> <span class='ocrx_word' id='word_1_243' title='bbox 2462 3948 2685 3993; x_wconf 88' lang='lat' dir='ltr'>manus</span> <span class='ocrx_word' id='word_1_244' title='bbox 2731 3930 2790 3994; x_wconf 74' lang='grc' dir='ltr'>ο·</span> 
     </span>
     <span class='ocr_line' id='line_1_31' title="bbox 406 4031 2791 4112; baseline 0 -15"><span class='ocrx_word' id='word_1_245' title='bbox 406 4033 716 4110; x_wconf 87' lang='lat' dir='ltr'>correxit,</span> <span class='ocrx_word' id='word_1_246' title='bbox 779 4038 854 4096; x_wconf 89' lang='lat' dir='ltr'>ut</span> <span class='ocrx_word' id='word_1_247' title='bbox 919 4053 994 4097; x_wconf 83' lang='lat' dir='ltr'>ex</span> <span class='ocrx_word' id='word_1_248' title='bbox 1059 4032 1264 4097; x_wconf 89' lang='lat' dir='ltr'>forma</span> <span class='ocrx_word' id='word_1_249' title='bbox 1325 4031 1685 4097; x_wconf 86' lang='lat' dir='ltr'>litterarum</span> <span class='ocrx_word' id='word_1_250' title='bbox 1752 4037 1816 4096; x_wconf 90' lang='lat' dir='ltr'>et</span> <span class='ocrx_word' id='word_1_251' title='bbox 1871 4036 2212 4099; x_wconf 89' lang='lat' dir='ltr'>atramenti</span> <span class='ocrx_word' id='word_1_252' title='bbox 2262 4032 2467 4099; x_wconf 89' lang='lat' dir='ltr'>colore</span> <span class='ocrx_word' id='word_1_253' title='bbox 2511 4039 2791 4112; x_wconf 89' lang='lat' dir='ltr'>constat,</span> 
     </span>
     <span class='ocr_line' id='line_1_32' title="bbox 399 4136 2795 4223; baseline 0.002 -20"><span class='ocrx_word' id='word_1_254' title='bbox 399 4158 624 4203; x_wconf 84' lang='lat' dir='ltr'>omnes</span> <span class='ocrx_word' id='word_1_255' title='bbox 686 4137 857 4203; x_wconf 86' lang='lat' dir='ltr'>locos</span> <span class='ocrx_word' id='word_1_256' title='bbox 923 4138 1015 4202; x_wconf 91' lang='lat' dir='ltr'>ibi</span> <span class='ocrx_word' id='word_1_257' title='bbox 1077 4136 1365 4203; x_wconf 88' lang='lat' dir='ltr'>laudatos</span> <span class='ocrx_word' id='word_1_258' title='bbox 1425 4144 1673 4223; x_wconf 84' lang='lat' dir='ltr'>praeter</span> <span class='ocrx_word' id='word_1_259' title='bbox 1734 4138 1770 4222; x_wconf 61' lang='grc' dir='ltr'><strong>ς</strong></span> <span class='ocrx_word' id='word_1_260' title='bbox 1835 4138 1869 4202; x_wconf 93' lang='lat' dir='ltr'>l</span> <span class='ocrx_word' id='word_1_261' title='bbox 1937 4146 2125 4202; x_wconf 73' lang='lat' dir='ltr'>tatum</span> <span class='ocrx_word' id='word_1_262' title='bbox 2182 4139 2248 4203; x_wconf 92' lang='lat' dir='ltr'>in</span> <span class='ocrx_word' id='word_1_263' title='bbox 2308 4140 2511 4203; x_wconf 75' lang='lat' dir='ltr'>datum</span> <span class='ocrx_word' id='word_1_264' title='bbox 2559 4146 2623 4203; x_wconf 89' lang='lat' dir='ltr'>et</span> <span class='ocrx_word' id='word_1_265' title='bbox 2668 4141 2704 4223; x_wconf 63' lang='grc' dir='ltr'>ὅ</span> <span class='ocrx_word' id='word_1_266' title='bbox 2752 4142 2795 4207; x_wconf 88' lang='lat'><strong>3</strong></span> 
     </span>
     <span class='ocr_line' id='line_1_33' title="bbox 399 4243 2793 4331; baseline 0.001 -24"><span class='ocrx_word' id='word_1_267' title='bbox 399 4243 847 4329; x_wconf 69' lang='lat' dir='ltr'>doctoribusque</span> <span class='ocrx_word' id='word_1_268' title='bbox 895 4244 961 4307; x_wconf 91' lang='lat' dir='ltr'>in</span> <span class='ocrx_word' id='word_1_269' title='bbox 1010 4244 1266 4307; x_wconf 72' lang='lat' dir='ltr'>doctoris</span> <span class='ocrx_word' id='word_1_270' title='bbox 1284 4291 1299 4319; x_wconf 97' lang='lat'>,</span> <span class='ocrx_word' id='word_1_271' title='bbox 1349 4245 1511 4308; x_wconf 77' lang='lat' dir='ltr'>ratio</span> <span class='ocrx_word' id='word_1_272' title='bbox 1556 4245 1624 4308; x_wconf 93' lang='lat' dir='ltr'>in</span> <span class='ocrx_word' id='word_1_273' title='bbox 1671 4244 1865 4307; x_wconf 79' lang='lat' dir='ltr'>oratio</span> <span class='ocrx_word' id='word_1_274' title='bbox 1910 4244 2025 4309; x_wconf 90' lang='lat' dir='ltr'>ubi</span> <span class='ocrx_word' id='word_1_275' title='bbox 2077 4244 2130 4306; x_wconf 81' lang='lat'><em>0</em></span> <span class='ocrx_word' id='word_1_276' title='bbox 2154 4245 2253 4307; x_wconf 77' lang='lat' dir='ltr'>vel</span> <span class='ocrx_word' id='word_1_277' title='bbox 2287 4267 2319 4307; x_wconf 81' lang='lat' dir='ltr'>c</span> <span class='ocrx_word' id='word_1_278' title='bbox 2356 4247 2793 4331; x_wconf 81' lang='lat' dir='ltr'>cognoscitur,</span> 
     </span>
     <span class='ocr_line' id='line_1_34' title="bbox 401 4347 2792 4438; baseline 0.001 -25"><span class='ocrx_word' id='word_1_279' title='bbox 401 4347 677 4434; x_wconf 87' lang='lat' dir='ltr'>pusilla,</span> <span class='ocrx_word' id='word_1_280' title='bbox 745 4350 801 4414; x_wconf 89' lang='lat' dir='ltr'>si</span> <span class='ocrx_word' id='word_1_281' title='bbox 861 4370 1010 4413; x_wconf 91' lang='lat' dir='ltr'>cum</span> <span class='ocrx_word' id='word_1_282' title='bbox 1057 4349 1354 4435; x_wconf 88' lang='lat' dir='ltr'>reliquis,</span> <span class='ocrx_word' id='word_1_283' title='bbox 1403 4371 1668 4416; x_wconf 89' lang='lat' dir='ltr'>numero</span> <span class='ocrx_word' id='word_1_284' title='bbox 1715 4370 1963 4435; x_wconf 89' lang='lat' dir='ltr'>quoque</span> <span class='ocrx_word' id='word_1_285' title='bbox 2010 4350 2218 4415; x_wconf 87' lang='lat' dir='ltr'>multo</span> <span class='ocrx_word' id='word_1_286' title='bbox 2266 4350 2593 4438; x_wconf 87' lang='lat' dir='ltr'>pluribus,</span> <span class='ocrx_word' id='word_1_287' title='bbox 2645 4372 2792 4417; x_wconf 89' lang='lat' dir='ltr'>con-</span> 
     </span>
     <span class='ocr_line' id='line_1_35' title="bbox 397 4452 998 4521; baseline 0.002 -3"><span class='ocrx_word' id='word_1_288' title='bbox 397 4455 717 4521; x_wconf 87' lang='lat' dir='ltr'>ferantur.</span> <span class='ocrx_word' id='word_1_289' title='bbox 993 4452 998 4457; x_wconf 78' lang='grc'><em>’</em></span> 
     </span>
    </p>
   </div>
  </div>
 </body>
</html>
