3436 5161
660 386 792 455 212
1483 353 1492 361 .
1577 430 1584 437 -
1695 404 2018 455 nonanus.

935 568 1084 645 ὕλην
1135 572 1193 634 τ’
1241 569 1538 648 ἀξέμεναι
1588 555 1763 651 παρα
1811 596 1883 637 τε
1931 574 2171 653 σχέμεν
2218 570 2347 639 ὅσσ·
2398 573 2709 649 ἐπινεικές.

662 676 947 743 Eandem
1006 679 1212 763 igitur
1271 678 1490 743 aoristi
1551 696 1739 763 quem
1808 678 2053 741 mixtum
2115 678 2337 745 dicunt
2398 678 2669 746 formam
2732 681 2853 747 hoc
2916 679 3057 748 loco

659 783 1118 849 restituendam
1167 804 1306 848 esse
1353 786 1670 869 suspicor:

935 888 1137 954 παῖδά
1183 887 1256 953 τέ
1303 895 1360 953 σ“
1409 887 1746 967 ἀξέμεναι,
1798 890 2001 971 Φοίβῳ
2052 891 2101 953 δ’
2150 891 2307 972 ἱερὴν
2355 892 2714 972 ἑκατόμβην

935 998 1102 1078 ῥέξαι
1150 996 1295 1075 ὑπὲρ
1346 1002 1627 1061 Δαναῶν.

757 1218 805 1274 Ζ
859 1208 1023 1273 101:
1073 1209 1365 1285 μαίνεται
1415 1208 1547 1273 οὐδέ
1596 1208 1690 1279 τίς
1740 1209 1793 1273 οἱ
1847 1208 2105 1275 δύναται
2156 1210 2333 1287 μένος
2384 1210 2828 1294 ἆντιφαρίζειν.

668 1314 794 1395 Qui
854 1336 980 1381 non
1042 1314 1280 1399 credit,
1342 1316 1737 1399 pronominis
1790 1318 2065 1399 primam
2114 1314 2369 1381 literam
2418 1336 2455 1381 a
2500 1322 2685 1402 poeta
2730 1318 3055 1383 interdum

665 1422 894 1506 abiici,
943 1422 1206 1486 fortasse
1250 1420 1442 1485 verba
1489 1423 1700 1508 magis
1748 1420 1965 1485 laudet
2014 1423 2107 1486 ita
2152 1421 2489 1487 collocata:

940 1529 1273 1606 μαίνεται,
1323 1526 1456 1591 οὐδὲ
1502 1526 1680 1604 μένος
1726 1525 1986 1591 δύναταί
2026 1528 2122 1601 τίς
2166 1530 2211 1592 r’
2254 1527 2679 1609 ἄντιφαρίζειν
2710 1531 2781 1617 ¹).

761 1755 809 1811 Z
860 1744 1030 1810 289:
1080 1740 1192 1807 ἔνθ’
1243 1740 1392 1807 ἔσαν
1438 1743 1490 1808 01
1540 1742 1788 1808 πέπλοι.

760 1851 942 1932 Quod
990 1850 1067 1915 de
1113 1852 1400 1935 proxime
1445 1848 1845 1933 praecedenti
1893 1847 2065 1932 loco,
2108 1849 2187 1914 de
2225 1850 2345 1915 hoc
2377 1870 2627 1935 quoque
2666 1851 2858 1917 valet.
2884 1849 3054 1917 Scri-

669 1957 948 2024 bendum
999 1962 1093 2021 est
1139 1954 1280 2019 ἔνθα
1325 1955 1372 2018 r'
1419 1952 1567 2018 ἔσαν
1615 1952 1876 2032 πέπλοι,
1926 1974 2088 2039 quae
2132 1975 2256 2020 non
2306 1961 2400 2021 est
2445 1976 2627 2040 mea,
2666 1977 2871 2041 neque
2908 1956 3053 2022 doc-

669 2066 906 2131 tissimi
965 2084 1086 2129 van
1145 2058 1393 2137 Gendt,
1457 2061 1568 2145 qui
1629 2060 1797 2124 idem
1864 2058 2017 2124 olim
2082 2063 2441 2146 proposuit,
2498 2064 2893 2140 coniectura,
2940 2062 3051 2127 sed

663 2171 854 2236 lectio
916 2171 982 2233 in
1047 2164 1276 2233 Codice
1335 2164 1663 2231 Marciano
1726 2170 1972 2250 reperta
2032 2164 2171 2231 loco
2231 2166 2535 2251 parallelo
2596 2189 2624 2231 ο
2693 2166 2855 2244 105;
2924 2188 3051 2253 quo

667 2278 880 2362 magis
941 2276 1169 2350 miror,
1234 2272 1313 2337 ab
1373 2270 1724 2336 editoribus
1786 2272 1995 2355 sperni
2048 2272 2452 2338 manifestam
2506 2273 2669 2339 hanc
2712 2275 3049 2340 correctio-

667 2404 838 2449 nem.
910 2380 1146 2446 Eadem
1198 2378 1532 2446 verborum
1583 2374 1911 2442 collocatio
1959 2382 2056 2443 est
2102 2400 2130 2442 ο
2177 2376 2343 2443 5563

940 2484 1078 2551 ἔνθα
1125 2508 1201 2551 roe
1253 2482 1407 2559 ἦσαν
1456 2480 1552 2553 ὕες
1602 2482 1790 2559 μάλα
1838 2483 2072 2561 μυρίαι.

755 2594 931 2661 Haec
976 2593 1295 2658 medicina
1337 2589 1618 2675 proderit
1664 2593 1859 2654 etiam
1906 2592 1977 2654 ni
2024 2590 2209 2656 fallor
2255 2595 2469 2658 versui
2518 2615 2560 2656 ω
2610 2591 2777 2658 208:

933 2701 1071 2764 ἔνθα
1119 2721 1212 2780 ren⁸
1241 2693 1394 2768 οἶκοι,-
1445 2693 1580 2780 ἔεν,
1629 2696 1765 2775 περὶ
1814 2696 1875 2761 δὲ
1926 2697 2159 2762 κλίσιον
2209 2697 2303 2762 θέε
2350 2697 2587 2778 πάντη,

661 2813 868 2875 immo
929 2805 1068 2872 ἔνθα
1115 2803 1164 2870 r'
1215 2802 1308 2869 ἔεν
1355 2811 1561 2875 νοῒκος.

749 3031 776 3086 1
828 3018 996 3086 305:
1368 3036 1376 3044 ·
1545 3013 1617 3079 οὔ
1662 3015 1799 3080 τινά
1850 3021 2038 3096 Φησιν
2083 3013 2284 3095 ὁμοῖον

932 3133 1018 3190 νοῒ
1060 3119 1272 3200 ἔμεναι
1322 3121 1622 3206 Δαναῶν,
1668 3117 1768 3194 οὓς
1820 3119 2025 3186 ἐνθάδε
2073 3127 2207 3195 νῆες
2257 3119 2517 3186 ἔνεικαν.

659 3233 828 3301 Mire
886 3229 1267 3296 collocatum
1329 3249 1407 3292 roc
1461 3229 1530 3290 in
1595 3247 1812 3293 versus
1873 3230 2138 3293 introitu
2158 3276 2175 3307 ‚
2242 3249 2357 3295 nec
2410 3228 2595 3294 facile
2640 3228 2916 3294 adducor
2964 3235 3043 3295 ut

657 3339 908 3404 credam
970 3336 1088 3400 hoc
1152 3354 1189 3399 a
1247 3339 1433 3418 poeta
1476 3331 1832 3417 profectum
1882 3353 2016 3399 esse
2034 3381 2051 3411 ,
2100 3355 2248 3399 cum
2296 3337 2668 3419 praesertim
2716 3333 3041 3400 molestis-

656 3448 858 3511 simus
903 3447 1204 3526 sequatur
1250 3439 1500 3516 hiatus;
1549 3459 1709 3523 quae
1757 3444 1984 3504 cuncta
2031 3440 2381 3505 vitabimus
2428 3440 2787 3506 scribendo:

928 3548 998 3611 ἐκ
1046 3550 1306 3611 Δαναῶν
1353 3545 1399 3609 r’
1443 3542 1680 3622 ἔμεναι.

625 3783 632 3789 ·
746 3773 808 3828 Λ
856 3759 978 3826 33:
1211 3755 1278 3830 ἣν
1327 3756 1457 3837 πέρι
1505 3758 1620 3835 μὲν
1667 3756 1878 3822 κύκλοι
1925 3755 2080 3822 δέκα
2126 3759 2394 3838 χάλκεοι
2444 3757 2627 3834 ἦσαν,

933 3869 992 3932 ἐν
1039 3864 1103 3931 δέ
1148 3887 1226 3930 roa
1274 3863 1553 3944 ὀμφαλοὶ
1605 3859 1759 3938 ἦσαν
1806 3865 2045 3928 ἑνείκοσι
2084 3865 2459 3945 κασσιτέροιο

923 3972 1160 4048 λευκοί,
1211 3970 1270 4034 ἐν
1320 3967 1380 4034 δὲ
1428 3968 1697 4046 μέσοισιν
1747 3967 1845 4044 ἔην
1892 3969 2157 4044 μέλανος
2208 3971 2463 4059 κυάνοιο.

741 4081 918 4147 Haec
965 4077 1234 4144 absurda
1279 4097 1448 4154 esse,
1499 4076 1734 4141 dixeris
1780 4078 1945 4141 inter
1992 4097 2209 4143 omnes
2256 4085 2537 4144 constare
2551 4099 2567 4157 ;
2619 4080 2815 4145 umbo
2856 4083 3029 4144 enim

651 4191 862 4278 clypei
908 4207 1074 4251 unus
1120 4190 1215 4250 est
1236 4233 1256 4269 ‚
1301 4204 1416 4249 nec
1461 4181 1676 4268 plures
1711 4204 1846 4248 esse
1885 4190 2182 4268 possunt3
2225 4186 2281 4249 si
2319 4205 2467 4251 vero
2504 4185 2807 4272 clypeum
2847 4187 3031 4252 nobis

711 4461 766 4526 1)
813 4454 1061 4507 Bentleius
1106 4445 1166 4500 015
1199 4449 1276 4508 τίς
1317 4465 1387 4499 τοι
1427 4444 1630 4500 δύναται
1665 4417 1803 4510 μένος
1842 4444 2197 4512 ἂντιφαρίζιιν,
2238 4449 2290 4498 in
2322 4465 2417 4515 qus
2448 4453 2609 4501 tamen
2642 4451 2845 4502 lectione
2878 4468 3026 4520 cupa.

637 4543 737 4595 lam
769 4538 1000 4591 desidem.
