3436 5161
1354 368 1612 419 osssms
1656 371 1788 421 mc.
2629 355 2760 423 343

380 550 535 597 cano
599 540 657 596 A
676 578 695 616 ,
758 532 933 617 (nam
996 530 1327 599 Mediceus
1388 534 1523 621 ipse
1582 533 1774 600 hodie
1829 534 2000 601 ultra
2059 535 2297 603 librum
2363 537 2450 604 50
2466 588 2483 617 ‚
2547 538 2587 605 8
2636 561 2758 608 non

374 637 809 724 progreditur)
852 658 979 705 non
1025 641 1163 705 sine
1206 640 1420 706 fructu
1464 639 1788 707 adhibitus
1833 646 1930 707 est
1959 642 2030 728 ¹).

468 852 648 919 Haec
708 857 927 919 autem
990 854 1205 920 omnia
1264 858 1399 919 tam
1463 858 1703 921 temere
1755 859 2008 921 mutata
2051 860 2314 943 tamque
2357 857 2587 924 stolide
2630 880 2763 926 cor-

375 963 567 1044 rupta
626 970 692 1024 et
752 959 1133 1045 interpolata
1181 962 1249 1025 in
1294 962 1519 1027 ceteris
1567 960 1889 1028 codicibus
1934 962 2245 1029 secundae
2291 962 2508 1030 classis
2555 986 2762 1031 recur-

377 1070 521 1131 rant
566 1086 818 1131 necesse
864 1074 961 1131 est
978 1116 997 1151 ‚
1044 1069 1099 1131 si
1126 1066 1399 1152 quidem
1439 1072 1608 1132 recte
1648 1087 1842 1154 supra
1879 1068 2172 1134 contendi
2210 1090 2316 1135 eos
2356 1091 2433 1135 ex
2471 1070 2762 1139 Mediceo

378 1180 423 1234 Β
468 1191 603 1236 esse
642 1170 961 1244 derivatos
1006 1172 1111 1259 (cf.
1161 1194 1221 1257 p.
1277 1168 1407 1237 336
1455 1178 1521 1237 et
1567 1168 1752 1258 338).
1822 1172 1956 1239 Nec
2001 1176 2217 1239 minus
2238 1178 2590 1242 necessario
2611 1176 2763 1243 libri

381 1274 548 1341 364
564 1276 647 1341 41
696 1279 927 1363 quibus
961 1278 1033 1343 hi
1070 1279 1317 1344 codices
1354 1281 1667 1344 auctiores
1706 1284 1856 1345 sunt
1894 1282 2261 1346 correctoris
2298 1301 2562 1347 manum
2607 1304 2760 1354 nus-

380 1404 571 1471 quam
632 1384 977 1451 ostendent.
1069 1385 1251 1466 Quod
1317 1390 1661 1472 utrumque
1725 1387 1986 1452 obtinet.
2075 1386 2168 1452 Ut
2224 1390 2395 1453 enim
2455 1391 2522 1453 in
2554 1389 2762 1475 ‘parte

376 1493 721 1578 posteriore
766 1492 1005 1577 ubique
1022 1538 1039 1569 ,
1086 1492 1180 1557 ita
1224 1512 1540 1577 nusquam
1586 1494 1655 1556 in
1701 1493 1910 1579 priore
1956 1496 2320 1559 correctoris
2363 1494 2607 1561 insulsa
2645 1495 2758 1561 ad-
2802 1501 2808 1507 '

378 1598 733 1664 ditamenta
771 1603 837 1663 et
877 1597 1051 1664 leves
1087 1596 1431 1685 futilesque
1467 1600 1854 1665 mutationes
1893 1599 2340 1686 deprehendas.
2389 1600 2725 1667 Praeterea
2741 1648 2760 1680 ‚

378 1710 455 1771 ut
500 1702 611 1789 fit,
656 1724 817 1790 quae
863 1706 932 1769 in
968 1703 1259 1770 Medic'eo
1298 1714 1341 1769 Β
1390 1724 1541 1770 sana
1581 1710 1764 1783 sunt,
1791 1704 2064 1771 ulterius
2087 1713 2502 1792 corrumpunt
2519 1754 2536 1785 ,
2563 1710 2759 1775 omit-

382 1815 531 1878 tunt
593 1809 765 1877 haud
828 1830 1031 1897 pauca
1091 1812 1467 1897 praesertim
1513 1831 1737 1877 versus
1783 1814 2082 1899 integros.
2151 1812 2498 1899 Nunquam
2545 1822 2763 1880 contra

380 1921 451 1984 in
488 1918 593 1983 his
630 1916 975 2003 quidquam
1014 1918 1301 1983 invenies
1348 1916 1515 2003 quod
1562 1936 1687 1982 non
1733 1918 1966 1983 habeat
2011 1918 2340 1985 Mediceus
2388 1931 2454 1984 Β.
2527 1918 2760 1985 Parisi-

375 2044 535 2090 num
598 2030 817 2089 autem
877 2034 921 2087 B
995 2021 1173 2108 (nam
1236 2042 1273 2089 a
1334 2022 1623 2089 Parisino
1670 2034 1716 2087 Β
1765 2024 2081 2091 derivatos
2127 2045 2264 2091 esse
2309 2024 2758 2104 Tui-inensem,

376 2128 694 2197 Venatum
756 2140 801 2194 Β
822 2178 840 2213 ,
903 2126 1295 2195 Vaticanum
1362 2140 1405 2195 Β
1426 2180 1445 2215 ,
1507 2129 2005 2196 Escorialensem
2056 2133 2166 2216 qui
2209 2132 2329 2197 hoc
2377 2135 2526 2219 aget
2571 2130 2760 2197 facile

378 2239 703 2325 agnoscet)
748 2236 912 2302 hanc
949 2236 1223 2321 priorem
1256 2242 1504 2321 partem
1542 2258 1620 2301 ex
1658 2235 1950 2303 Mediceo
1987 2247 2043 2301 A
2085 2238 2465 2322 descriptam
2488 2237 2755 2315 habere,

376 2344 625 2411 lacunis
686 2343 1155 2410 demonstratur
1170 2390 1187 2421 ‚
1250 2362 1411 2428 quae
1453 2343 1628 2427 folio
1682 2342 1936 2408 abaciaco
1983 2344 2050 2407 in
2095 2341 2388 2409 Mediceo
2433 2346 2605 2408 ortae
2622 2390 2638 2421 ,
2689 2342 2758 2406 in

378 2449 671 2515 Parisino
690 2497 698 2506 .
720 2460 764 2513 Β
812 2454 1187 2535 repetuntur
1210 2446 1284 2535 ⁹).
1930 2528 1933 2531 Ι

469 2556 779 2623 Adhiberi
842 2556 1048 2644 igitur
1094 2557 1303 2640 potest
1346 2553 1676 2621 Parisinus
1722 2564 1766 2618 Β
1819 2553 1897 2620 ad
1944 2552 2244 2620 Vaticani
2290 2564 2346 2619 A
2391 2551 2581 2619 fidem
2629 2554 2760 2619 exi·

378 2663 656 2752 gandam
721 2664 788 2727 in
849 2662 1167 2748 capitibus
1213 2658 1435 2725 3-19
1483 2659 1635 2725 libri
1682 2659 1768 2724 36
1819 2659 2004 2747 (olim
2053 2657 2177 2744 35,
2229 2659 2476 2746 1—17>
2527 2661 2759 2747 quibus

246 2791 249 2794 ’
376 2770 709 2838 Mediceus
768 2779 827 2832 A
887 2767 1078 2834 hodie
1134 2773 1339 2851 caret,
1402 2768 1808 2852 servavitque
1852 2767 1960 2831 hic
2004 2765 2143 2831 illic
2187 2765 2490 2832 lectiones
2538 2764 2760 2832 melio—

350 2899 478 2962 res
542 2895 703 2962 quae
764 2879 981 2940 tamen
1045 2875 1177 2938 iam
1238 2859 1483 2939 dudum
1548 2875 1615 2937 in
1676 2872 1976 2938 omnibus
2016 2872 2416 2938 editionibus
2471 2875 2760 2958 receptae

377 2987 551 3050 sunt.
618 2981 712 3048 Ex
774 2981 897 3047 hoc
943 2981 1117 3046 enim
1164 2979 1381 3046 codice
1424 2979 1742 3046 Robertus
1787 2977 2148 3065 Stephanus
2193 2977 2466 3044 Dionem
2510 2979 2760 3064 primus

378 3089 601 3158 edidit.

468 3302 770 3390 Superest
813 3311 889 3367 ut

900 3407 991 3473 'de
1035 3407 1249 3474 codice
1294 3405 1643 3472 Vesontino
1685 3403 1778 3492 (Z.
1826 3427 1890 3469 n.
1940 3401 2028 3469 68
2045 3451 2064 3482 ,
2113 3401 2231 3491 80)

376 3519 599 3603 paucis
660 3489 1025 3600 disputem3
1086 3513 1281 3579 huius
1343 3514 1516 3577 enim
1574 3510 1726 3576 libri
1742 3558 1757 3588 ,
1824 3509 2212 3576 Vesontione
2257 3513 2326 3575 in
2373 3509 2758 3577 bibliotheca

375 3621 637 3708 publica
690 3625 940 3687 servata
960 3667 977 3698 ,
1034 3618 1378 3708 singularis
1438 3623 1535 3682 est
1595 3617 1893 3682 conditio.
1967 3613 2354 3682 Chartaoeus
2423 3621 2552 3691 est,
2627 3616 2757 3682 for·-
2832 3695 2838 3702 .

379 3747 526 3794 mae
563 3730 881 3794 maximae
902 3777 919 3812 ‚
960 3726 1261 3792 foliorum
1301 3721 1451 3795 352.
1522 3723 1717 3788 Hunc
1764 3720 2032 3789 Grosius
2049 3769 2066 3800 ,
2117 3724 2297 3787 cuius
2343 3721 2761 3808 descriptione

442 3925 501 3991 1)
570 3925 701 3974 Med.
738 3931 775 3987 ‚B
1076 3923 1187 3974 vat.
1228 3928 1273 3972 A
1708 3921 1844 3970 Med.
1880 3927 1914 3969 B
2430 3919 2540 3968 Vnt.
2576 3923 2624 3968 A

374 4009 421 4068 7,
460 4008 490 4056 8
523 4005 681 4074 δόξεις
859 4017 865 4022 ·
986 4021 996 4054 ’.
1014 4003 1159 4071 δόξῃς
1494 4003 1574 4062 12,
1611 4005 1641 4052 3
1676 4001 1805 4052 αὐτὸ
1839 4000 1990 4066 χάριν
2323 3999 2464 4064 abr-fi
2499 3998 2652 4064 χάριν

372 4093 421 4152 8,
458 4091 487 4144 Ί
524 4088 707 4154 hyeme,-
1015 4086 1223 4151 ἀγεννής
1491 4089 1573 4146 15,
1611 4089 1640 4136 1
1676 4084 1839 4151 οἷηθῇς
2332 4082 2506 4142 οἰηθείς
2635 4073 2640 4080 ’

525 4169 899 4235 πειθαρχήσειεν
1018 4168 1349 4234 πειθάρχησεν
1496 4169 1576 4230 17,
1614 4170 1644 4218 8
1681 4171 1887 4226 ποιῆσαι
1921 4164 2162 4226 ἐθελήσας
2331 4165 2545 4225 ποιήσας

376 4257 423 4316 9,
461 4253 495 4309 8
529 4251 723 4312 ἔκείνως
1022 4249 1203 4311 ἐκεῖνος
1496 4253 1578 4312 18,
1613 4253 1643 4300 6
1678 4251 1909 4314 ἀπαρτᾶν
2339 4249 2570 4299 ἀπαντᾶν

443 4337 495 4398 2)
532 4336 741 4386 Parisini
777 4343 811 4385 Β
844 4336 1055 4402 priorem
1090 4337 1279 4400 partem
1312 4347 1371 4385 ex
1407 4335 1625 4383 Mediceo
1658 4341 1705 4382 A
1739 4333 1926 4383 fluxisse
1963 4336 2073 4397 (nec
2107 4347 2220 4382 vero
2254 4347 2310 4381 cx
2345 4331 2578 4383 Vaticano
2605 4336 2650 4380 A
2679 4331 2754 4381 vel

371 4420 593 4472 Parisino
622 4424 691 4476 A.
728 4419 868 4484 quod«
886 4418 1094 4483 cuipiam
1126 4418 1179 4467 in
1213 4425 1421 4466 mentem
1455 4417 1618 4466 venire
1650 4415 1827 4482 possit)
1864 4429 1922 4464 ex
1958 4431 2014 4465 eo
2048 4418 2247 4480 apparet
2279 4415 2406 4479 quod
2439 4414 2630 4463 lacunas
2661 4413 2755 4463 lec-

370 4502 644 4566 tionesque,
680 4515 797 4565 quas
828 4500 919 4551 soli
954 4499 1129 4550 habent
1164 4499 1423 4550 Vaticanus
1455 4503 1505 4550 et
1536 4499 1786 4549 Parisinus
1818 4503 1866 4548 A
1929 4498 1982 4548 in
2015 4497 2234 4548 Parisino
2268 4503 2301 4546 Β
2337 4511 2432 4547 non
2469 4499 2668 4547 astant.
