3436 5161
601 249 739 320 2¹72
1460 272 1736 324 mnus
1781 273 2122 325 sosarnus.

600 436 753 502 audi
816 437 1039 504 modo:
1105 437 1391 505 Herodes
1457 439 1758 506 Ἰουδαίων
1821 443 2114 517 οὐδεμίαν
2175 441 2362 506 πόλιν
2401 440 2532 506 οὐδὲ
2581 439 2800 518 ὀλίγης
2851 441 2998 504 ε’πι-

599 551 821 618 σκευῆς
882 541 1132 620 ἠξίωσεν
1198 544 1331 611 οῦδὲ
1396 546 1612 620 δόσεως
1678 547 1865 625 affixa
1932 548 2430 625 μνημονευθῆναι.
2521 547 2664 612 Hoc
2729 549 2784 611 si
2851 548 2998 631 ipse

601 649 991 736 excogitavit
1049 649 1089 715 J
1093 653 1402 736 osephus‚
1466 652 1759 718 adulator
1819 659 1916 718 est
1975 674 2090 719 nec
2153 659 2339 720 curat
2389 653 2544 737 quid
2593 673 2816 718 verum
2863 655 2988 722 sit:

600 757 657 820 si
698 757 946 821 invenit
994 756 1163 842 apud
1210 757 1411 824 alium
1462 759 1862 825 adulatorem
1879 806 1897 836 ,
1940 779 2102 844 quae
2149 765 2240 824 est
2288 763 2416 824 ista
2461 758 3000 824 inconsiderantia.

600 868 665 927 et
700 859 1006 927 ·obl.iviol
1092 863 1153 928 N
1158 885 1281 928 unc
1345 865 1642 930 videmus
1703 865 1858 950 quid
1920 864 2286 931 Palaestina
2329 864 2604 931 mendax
2650 862 2995 948 aliquando

600 963 668 1027 in
715 966 981 1033 historia
1026 989 1181 1034 ausa
1226 972 1331 1036 sit.

690 1071 945 1159 Ubique
1005 1073 1046 1140 J
1049 1076 1321 1160 osephus
1379 1075 1696 1163 gloriatur
1759 1077 1836 1142 de
1895 1079 2134 1143 eximio
2193 1076 2484 1142 veritatis
2527 1074 2773 1158 studio,
2820 1073 2996 1158 quod

599 1180 812 1265 ipsum
879 1179 959 1244 ad
1027 1181 1433 1246 scribendum
1503 1182 1790 1269 impulit.
1885 1183 2201 1270 Equidem
2271 1182 2436 1248 illud
2505 1181 2795 1247 studium
2863 1199 2996 1245 nou

600 1305 873 1372 agnosco
928 1292 991 1352 et
1052 1295 1389 1373 postquam
1440 1291 1711 1373 scriptor
1757 1296 2044 1374 tempora
2091 1289 2314 1376 attigit
2333 1335 2348 1366 ,
2398 1307 2558 1374 quae
2603 1287 2771 1354 vidit
2813 1287 2954 1370 ipse
2973 1333 2994 1363 ,

600 1396 739 1457 tam
797 1391 1201 1480 negligenter
1264 1399 1329 1459 et
1392 1394 1650 1460 confuse
1721 1395 1944 1461 scribit
1963 1443 1982 1480 ,
2052 1399 2128 1459 ut
2194 1393 2568 1460 incredibile
2635 1393 2720 1458 sit
2789 1391 2995 1456 dictu.

598 1497 822 1586 Longa
862 1505 957 1564 est
1006 1499 1346 1584 descriptio
1396 1501 1661 1586 templi,
1712 1501 1880 1587 quod
1921 1501 2206 1567 Herodes
2245 1503 2596 1577 exstruxit-3
2637 1499 2749 1565 sed
2772 1501 2994 1564 omnia

600 1609 735 1668 tam
802 1603 1099 1690 perplexe
1163 1612 1567 1691 exponuntur
1585 1653 1602 1685 ,
1650 1613 1726 1672 ut
1773 1610 1897 1672 viri
1943 1607 2114 1673 docti
2161 1607 2334 1672 aedis
2379 1607 2650 1672 formam
2703 1603 2988 1671 noudum

602 1713 757 1775 satis
816 1710 1229 1795 probabiliter
1290 1715 1641 1778 instaurare
1704 1717 2048 1798 potuerint.
2129 1713 2224 1779 De
2269 1714 2557 1798 partibus
2601 1713 2834 1797 quibus
2879 1711 2994 1776 ob-

602 1835 770 1880 sessa
834 1817 985 1881 urbs
1048 1816 1521 1884 distrahebatur
1544 1866 1559 1897 ,
1620 1821 1836 1885 omnia
1887 1819 2059 1884 fluxa
2105 1827 2169 1886 et
2214 1822 2491 1896 incerta3
2539 1823 2869 1903 tamquam
2919 1816 2991 1882 in

600 1924 849 1986 somnio
916 1920 1165 1988 oblatae
1230 1925 1549 2012 imagines
1612 1923 1886 1989 volitant
1931 1946 2046 1990 nec
2090 1924 2440 2010 quidquam
2489 1929 2587 1988 est
2633 1921 2803 2008 quod
2849 1943 2995 2007 pre-

600 2025 875 2092 hendere
940 2032 1004 2092 et
1065 2031 1378 2095 memoria
1442 2029 1712 2096 firmiter
1771 2033 2044 2096 retinere
2087 2035 2310 2116 possis.
2399 2028 2472 2094 Si
2521 2032 2772 2114 quaeris
2819 2028 2994 2113 quod

604 2132 863 2197 tandem
911 2153 1117 2220 genus
1163 2134 1497 2200 hominum
1552 2133 1807 2201 Zelotae
1853 2136 2126 2215 fuerint,
2173 2136 2358 2202 lectis
2404 2141 2646 2220 septem
2688 2134 2870 2199 libris
2909 2133 2995 2200 de

600 2235 783 2304 Bello
841 2237 1109 2305 Judaico
1172 2240 1342 2306 haud
1406 2241 1615 2308 multo
1676 2243 1920 2307 doctior
1965 2241 2248 2307 discedes
2295 2263 2486 2326 quam
2535 2246 2722 2305 antea
2767 2239 2993 2305 fueris.

600 2341 817 2409 Etiam
882 2344 1355 2434 chronologiam
1416 2369 1644 2433 parum
1708 2355 1892 2412 curat
1951 2369 2154 2433 neque
2223 2367 2532 2432 umquam
2603 2346 2996 2431 quaesivisse

598 2448 855 2515 videtur
898 2471 1024 2536 quo
1072 2473 1233 2518 anno
1276 2452 1561 2520 Herodes
1598 2453 1882 2541 Magnus
1919 2459 2108 2520 natus
2151 2457 2271 2532 sit,
2309 2475 2426 2518 nec
2465 2455 2779 2539 corrigam
2819 2451 2994 2535 quod

597 2557 923 2623 invenitur
968 2560 1181 2646 Antiq.
1239 2559 1341 2627 14.
1396 2559 1457 2626 9.
1508 2560 1587 2638 2,
1639 2580 1801 2627 auno
1851 2559 1936 2627 47
1985 2565 2130 2627 ante
2172 2565 2427 2645 partum
2473 2561 2743 2646 virginis
2785 2555 2996 2623 Hero-

601 2661 747 2728 dem
794 2670 1020 2729 natum
1066 2665 1261 2732 fuisse
1308 2686 1502 2733 annos
1555 2666 1677 2751 15,
1725 2688 1872 2731 nam
1923 2687 2048 2732 non
2098 2672 2193 2731 est
2238 2669 2295 2731 is
2340 2666 2748 2732 librariorum
2785 2685 2992 2740 error,

600 2768 710 2835 sed
768 2771 973 2854 ipsius
1032 2770 1294 2857 Josephi
1348 2772 1742 2859 negligentia
1790 2772 1894 2838 vel
1939 2773 2188 2838 Nicolai
2237 2773 2680 2855 mendacium,
2729 2778 2803 2836 ut
2847 2771 2994 2857 regi

602 2873 1004 2953 adularetur,
1050 2898 1241 2962 quem
1289 2881 1590 2944 novimus
1637 2884 1912 2944 aetatem
1965 2899 2146 2945 suam
2195 2877 2594 2944 dissimulare
2643 2876 2944 2943 voluisse.

695 2980 1130 3066 Suspicionem
1200 2984 1427 3050 addere
1486 2984 1665 3050 lubet
1686 3032 1703 3061 ,
1768 2985 1846 3049 de
1900 3006 2024 3069 qua
2066 2984 2328 3050 fortasse
2377 2983 2716 3069 aliquando
2765 3002 2996 3067 operae

601 3089 883 3173 pretium
931 3092 1053 3155 erit
1100 3093 1457 3156 accuratius
1503 3111 1802 3175 quaerere
1849 3091 2001 3176 quid
2052 3090 2432 3155 censendum
2483 3094 2588 3155 sit.
2657 3090 2992 3154 Nimirum

526 3194 533 3200 '
602 3194 718 3259 ubi
776 3193 1090 3280 Josephus
1156 3217 1255 3261 res
1316 3196 1752 3261 Romanorum
1817 3198 2177 3281 principum
2233 3197 2667 3281 persequitur,
2715 3194 2988 3260 eundem

603 3302 974 3384 scriptorem
1022 3322 1169 3366 eum
1220 3305 1398 3387 sequi
1446 3303 1713 3368 dixerim
1739 3350 1756 3379 ,
1805 3324 1994 3388 quem
2045 3301 2305 3368 Tacitus
2344 3306 2410 3366 in
2454 3322 2528 3367 ea
2566 3308 2745 3386 parte
2785 3304 2996 3385 operis

604 3411 859 3472 secutus
903 3412 1016 3472 est.
1090 3406 1307 3473 Nobili
1354 3408 1561 3473 Taciti
1607 3408 1747 3474 loco
1770 3458 1785 3486 ,
1831 3430 2020 3494 quem
2061 3410 2411 3474 describere
2448 3426 2990 3494 supervacaneum

480 3532 485 3537 “
604 3516 735 3596 est,
796 3511 1026 3578 collato
1090 3536 1237 3578 cum
1302 3514 1563 3599 Josephi
1624 3514 1836 3580 verbis
1895 3515 2115 3600 Autiq.
2183 3514 2288 3580 20.
2355 3512 2418 3579 8.
2487 3512 2560 3577 3:
2611 3512 2826 3577 πολλοὶ
2875 3510 2994 3587 μὲν

604 3619 715 3693 τὴν
777 3620 907 3699 περὶ
974 3618 1222 3699 Νέρωνα
1287 3622 1748 3701 συντετάχασιν
1816 3621 2080 3703 ἱςορίαν,
2147 3616 2220 3683 ὧν
2279 3618 2327 3684 οἱ
2374 3620 2488 3696 μὲν
2535 3619 2639 3685 διὰ
2689 3618 2872 3699 χάριν
2921 3612 2994 3681 εὖ

606 3726 971 3796 πεπονθότες
1037 3728 1142 3791 ὑπ’
1212 3729 1401 3791 αὐτοῦ
1465 3737 1574 3803 τῆς
1639 3727 1934 3800 ἀληθείας·
2000 3726 2359 3809 ἠμέλησαν,
2429 3727 2479 3791 οἱ
2545 3726 2606 3790 δὲ
2662 3726 2764 3790 διὰ
2808 3732 2992 3799 μῖσος

608 3832 711 3896 καὶ
772 3835 882 3905 σὺν
944 3832 1087 3911 πρὸς
1154 3834 1341 3898 αὐτὸν
1402 3832 1754 3915 ἀπέχθειαν
1816 3832 2002 3905 οὕτως
2053 3834 2310 3903 ἀναιδῶς
2360 3830 2816 3913 ἐνεπαρῴνησαν
2860 3838 2992 3903 τοῖς

607 3936 998 4017 ψεύσμασιν,
1064 3942 1139 4009 ὡς
1201 3939 1405 4016 ἀξίους
1471 3941 1695 4011 αὐτοὺς
1767 3936 1921 4003 εἶναι
1985 3940 2472 4017 καταγνώσεως,
2529 3936 2992 4024 propemodum

604 4044 953 4108 necessario
1004 4044 1092 4109 ad
1154 4066 1294 4109 eam
1361 4049 1780 4130 suspicionem
1848 4045 2120 4111 delabor.
2206 4044 2276 4109 Si
2345 4045 2612 4110 historia
2657 4040 2998 4129 Caligulae

607 4148 775 4233 apud
836 4148 1132 4213 Tacitum
1196 4156 1582 4237 superesset,
1650 4150 1949 4215 fidentius
1997 4152 2258 4216 fortasse
2306 4149 2548 4235 aliquid
2597 4150 2674 4214 de
2721 4169 2795 4213 ea
2841 4168 2994 4214 con-

593 4256 843 4342 jectura
908 4260 1318 4338 pronunciare
1382 4277 1667 4343 possem;
1729 4278 1896 4321 nunc
1963 4256 2108 4322 aliis
2169 4278 2303 4321 rem
2364 4255 2654 4340 relinquo
2719 4254 2994 4320 ulterius

604 4361 1141 4453 investigandam.
