3436 5161
654 359 787 425 410
1312 404 1319 418 .
1675 374 1996 426 nomos.

646 542 761 608 tali
832 542 1195 609 confusione
1254 540 1554 628 pleraque
1618 548 1788 607 recte
1847 542 2166 607 divinavit
2226 545 2291 605 et
2353 538 2433 606 ad
2489 544 2775 605 veterem
2835 558 3028 603 usum

647 648 947 734 loquendi
991 646 1231 714 multos
1278 646 1449 714 locos
1485 646 1864 715 Homericos
1901 646 2172 715 correxit
2208 645 2315 713 vel
2354 649 2806 732 interpretatus
2827 642 3028 731 est1);

646 776 763 823 nec
810 774 963 822 vero
1008 755 1371 821 mirandum
1419 761 1515 820 eet
1562 758 1616 820 ei
1660 775 1788 822 non
1833 756 2049 821 omnia
2093 753 2280 821 vidit.

740 860 961 949 Itaque
1020 867 1095 927 ut
1140 859 1333 927 finem
1376 856 1722 947 faciamu3‚
1779 882 1901 927 vox
1949 866 2076 943 σφε
2123 860 2280 927 olim
2327 858 2713 949 significavit
2759 878 2856 923 eos
2899 880 3030 921 am-

648 970 747 1034 bos
762 1016 779 1046 ,
847 992 949 1033 eac
1008 974 1205 1033 ambae
1221 1017 1239 1046 ,
1303 967 1414 1034 sed
1460 990 1499 1033 a
1540 969 1990 1054 posterioribus
2038 967 2116 1032 ad
2163 966 2320 1036 alios
2367 988 2585 1033 omnes
2631 962 3031 1053 significatus

648 1080 745 1141 eet
789 1075 1051 1141 detorta.
1103 1072 1407 1143 Mortalia
1452 1081 1679 1141 cuncta
1724 1076 2053 1161 peribunt:
2095 1074 2334 1141 nedum
2376 1074 2716 1140 verborum
2753 1079 2881 1139 etet
2917 1072 3032 1137 ho·

644 1202 759 1249 nos
803 1188 870 1249 et
912 1184 1123 1271 gratia
1165 1184 1379 1249 vivax.

734 1398 913 1465 Duae
972 1399 1213 1465 formae
1272 1418 1433 1484 quae
1479 1401 1816 1484 supersunt
1859 1398 2254 1474 tractandae,
2301 1394 2484 1475 ἄμμε
2534 1399 2599 1461 et
2647 1392 2818 1472 ὔμμε
2837 1443 2856 1479 ,
2904 1393 3030 1459 cle-

644 1510 925 1573 mentius
971 1526 1009 1571 a
1053 1507 1419 1591 posteritate
1466 1511 1614 1570 sunt
1660 1504 1914 1570 habitae
1933 1552 1950 1584 ,
1995 1524 2147 1569 nam
2193 1508 2258 1569 et
2304 1502 2464 1569 olim
2504 1499 3030 1589 significaverunt

612 1592 748 1679 ‘noc
792 1618 987 1677 ambos
1033 1613 1188 1699 (-αε)
1206 1660 1223 1691 ,
1271 1634 1371 1677 voe
1414 1613 1607 1677 ambos
1651 1612 1838 1697 (mc),
1889 1614 1954 1677 et
1999 1631 2037 1676 a
2081 1611 2537 1677 recentioribus
2575 1609 2703 1675 fere
2737 1614 3028 1675 constan-

644 1726 740 1787 ter
792 1726 961 1786 recte
1008 1720 1422 1799 adhibentur,
1470 1722 1565 1785 ita
1608 1724 1683 1783 ut
1733 1723 2030 1803 appareat
2072 1718 2303 1783 horum
2353 1724 2520 1783 certe
2568 1714 3026 1782 vocabulorum

642 1848 858 1895 veram
936 1833 1317 1913 potestatem
1385 1826 1497 1891 diu
1568 1825 1774 1891 adhuc
1842 1830 1986 1911 post
2052 1824 2412 1891 Homerum
2479 1824 2678 1890 fuisse
2739 1822 3028 1889 intellec·

640 1940 797 2000 tam.
872 1933 1055 2013 Quod
1100 1932 1658 1999 demonstrandum
1706 1936 1939 2017 restat,
1989 1937 2055 1998 et
2099 1930 2406 1997 facillime
2455 1932 2874 1998 demonstrari
2917 1949 3028 2014 po-

642 2044 767 2105 test
786 2087 804 2117 ,
869 2039 1177 2105 afferendo
1236 2038 1406 2105 locos
1424 2088 1442 2123 ,
1510 2040 1667 2104 satis
1712 2058 1885 2103 raros
1903 2086 1920 2116 ,
1969 2039 2082 2103 ubi
2130 2044 2310 2104 extra
2354 2038 2766 2105 Homericam
2807 2037 3026 2121 poesin

640 2148 1043 2231 reperiuntur
1089 2144 1193 2212 vel
1239 2150 1406 2211 certe
1453 2165 1491 2210 a
1536 2166 1641 2211 me
1684 2150 1934 2230 reperta
1979 2150 2128 2210 eunt
2141 2167 2160 2224 ‚·
2208 2149 2355 2211 utor
2394 2145 2563 2211 enim
2603 2145 2767 2209 meis
2805 2140 3026 2209 coHec-

640 2254 843 2319 taneis
888 2254 1055 2318 inter
1102 2251 1447 2339 legendum
1493 2252 1663 2317 natis
1682 2301 1699 2336 ,
1750 2256 1814 2317 et
1859 2250 2045 2317 facile
2089 2256 2299 2338 potest
2342 2249 2480 2317 fieri
2521 2255 2598 2315 ut
2641 2270 2768 2316 non
2805 2268 3026 2315 omnes

638 2358 912 2425 latebrae
959 2359 1124 2424 unde
1171 2359 1305 2423 erui
1350 2362 1643 2445 poterant
1688 2360 2278 2446 pervestigaverim.

730 2464 913 2545 ἄμμε
974 2464 1053 2532 de
1113 2466 1373 2549 duobus,
1432 2470 1602 2530 recte
1664 2464 1904 2551 igitur,
1978 2464 2315 2531 adhibetur
2377 2464 2623 2529 Hesiod.
2689 2460 2867 2528 Scut.
2931 2457 3018 2527 8¹7

820 2572 1038 2662 (quem
1076 2593 1332 2638 versum
1352 2618 1369 2651 ,
1416 2593 1722 2659 perquam
1769 2572 2116 2638 notabilem
2165 2574 2317 2659 quia
2358 2568 2474 2638 illo
2517 2570 2656 2638 loco
2680 2570 3018 2636 nominati-

818 2701 939 2748 vus
977 2686 1073 2747 eet
1110 2678 1321 2758 ἄμμε,
1362 2682 1494 2744 iam
1534 2700 1727 2765 supra
1763 2679 2466 2764 commemoravimus),
2496 2677 2812 2760 Tbeoynid.
2841 2675 3018 2741 1104

820 2787 928 2874 (ex
966 2784 1287 2852 Welckeri
1325 2787 1745 2868 coniectura),
1785 2789 1856 2852 in
1895 2789 2170 2852 carmine
2208 2784 2499 2872 populari
2537 2784 2770 2872 Bergk.
2807 2783 2902 2849 11⁰.
2927 2781 3012 2847 21

816 2894 1022 2980 (Poet.
1072 2891 1278 2981 Lyr.⁹
1324 2913 1474 2980 pag.
1528 2891 1769 2979 1032),
1819 2894 2106 2958 Theocriti.
2157 2892 2228 2969 5,
2279 2891 2399 2970 61;
2451 2891 2536 2976 8,
2577 2889 2704 2968 25;
2746 2886 3014 2974 15‚75;

817 3001 940 3080 22,
992 2999 1120 3064 165
1168 2999 1538 3087 (legendum
1587 3001 1758 3064 enim
1808 2999 1872 3064 h.
1917 2999 1965 3066 l.
2010 3000 2264 3065 videtur
2311 2999 2492 3064 ἁλλὰ
2536 2998 2709 3078 φίλοι
2733 3045 2748 3073 ,
2799 2993 3014 3062 τούτου

816 3109 929 3187 μὲν
975 3107 1209 3174 ἐάσατε
1256 3107 1401 3187 πρὸς
1448 3107 1625 3180 τέλος
1672 3107 1868 3173 ἐλθεῖν
1907 3110 1919 3191 Ι
1961 3105 2144 3184 ἄμμε
2191 3106 2428 3184 γάμου.
2473 3145 2547 3155 —-
2599 3103 2755 3172 cod.
2805 3106 3018 3169 τοῦτον

816 3265 831 3282 .
861 3265 877 3282 .
906 3265 923 3280 .
948 3213 1119 3294 ἄμμι
1159 3214 1264 3280 vel
1306 3221 1403 3280 νῶι
1442 3213 1715 3300 reinone„
1759 3214 1940 3279 Bion.
1985 3211 2063 3293 6,
2115 3213 2233 3290 16;
2272 3215 2502 3280 Most-h.
2542 3212 2620 3291 4,
2651 3211 2771 3292 633
2807 3212 3016 3296 Apoll.

812 3322 934 3386 Ra,
980 3320 1074 3387 111
1122 3319 1283 3398 323,
1344 3319 1541 3386 1129.

721 3427 904 3507 ἄμμε
960 3430 1276 3494 incertum
1340 3448 1462 3514 quo
1530 3447 1717 3493 sensu
1777 3426 2058 3518 legimus
2121 3427 2440 3510 Theoqnid.
2493 3425 2667 3494 1273
2687 3477 2706 3513 ,
2761 3428 3016 3492 Oratae-2

807 3537 1040 3623 fragm.
1094 3534 1210 3612 10,
1272 3535 1482 3618 Sapph.
1534 3534 1612 3600 fr.
1660 3531 1790 3598 115
1809 3584 1827 3619 ,
1889 3535 2105 3599 Alcaei
2165 3535 2241 3600 fr.
2297 3533 2406 3600 83.
2477 3533 2798 3601 Incertum
2857 3555 3009 3601 cum

810 3642 952 3707 dico
972 3689 988 3720 ‚
1037 3643 1257 3707 statim
1306 3641 1467 3706 addo
1514 3641 1678 3706 mihi
1727 3641 1981 3726 quidem
2032 3641 2202 3707 haud
2250 3644 2565 3708 incertum
2609 3642 2814 3707 videri
2852 3643 3008 3727 quin

811 3747 889 3814 de
933 3749 1099 3813 binis
1140 3748 1513 3813 hominibus
1552 3748 1707 3812 haec
1747 3747 1918 3813 dicta
1953 3750 2118 3829 sint3
2148 3749 2259 3814 sed
2282 3751 2584 3834 quoniam
2609 3768 2686 3814 ex
2710 3748 3010 3813 brevibus

691 4022 743 4084 1)
778 4022 899 4072 Vide
932 4039 972 4073 e.
1006 4029 1051 4088 ς.
1088 4022 1245 4074 Schol.
1281 4023 1339 4073 ad
1373 4030 1418 4073 A
1448 4023 1571 4075 566:

1123 4104 1194 4167 μή
1231 4105 1288 4155 νῦ
1320 4125 1400 4156 τοι
1440 4104 1494 4155 οὐ
1530 4104 1849 4168 χραίσμωσιν
1883 4105 1989 4156 ὅσοι
2023 4103 2128 4158 θεοί
2153 4105 2250 4156 εἳσ’
2286 4104 2336 4157 ἐν
2371 4105 2617 4171 Ὀλύμπῳ

1124 4185 1280 4239 ἆσσον
1315 4187 1444 4246 Ῑόνθ’,
1480 4188 1567 4238 ὅτε
1598 4185 1680 4237 κέν
1714 4206 1795 4237 τοι
1833 4187 2064 4248 ἀάπτους
2096 4193 2273 4253 χεῖρας
2309 4185 2466 4254 {Quint
2535 4191 2556 4214 '⁴

623 4268 886 4329 Ζηνόδοτος
918 4270 1099 4334 γράφει
1142 4268 1326 4322 ,ἆσσον
1360 4271 1541 4328 1όντε”,
1572 4277 1745 4336 putans
1777 4272 1960 4322 scilicet
1995 4273 2092 4322 θεοῖ
2111 4311 2121 4322 .
2142 4311 2153 4322 .
2177 4313 2187 4323 .
2209 4273 2339 4323 ἰόντε
2372 4275 2552 4338 optime
2584 4274 2821 4339 coniungi.

692 4353 780 4402 vel
813 4355 872 4403 ad
906 4352 927 4401 θ
958 4355 1081 4405 250:
1122 4355 1244 4404 ἀλλ’
1281 4353 1403 4417 ἆγε,
1439 4351 1658 4410 Φαιήκων
1694 4353 2000 4415 βητάρμονες
2035 4355 2175 4405 ὅσσοι
2211 4354 2432 4417 ἄριστοι,

1124 4437 1374 4493 παίσατε,
1410 4435 1475 4495 ὥς
1509 4436 1571 4499 χ’
1606 4435 1633 4484 ὁ
1664 4436 1820 4500 ξεῖνος
1853 4433 2028 4502 ἐνίσπῃ
2061 4441 2190 4487 τοῖσι
2223 4439 2440 4502 φίλοισιι

620 4516 884 4576 Ζηνόδοτος
923 4519 1235 4570 ,παίσατον”
1270 4513 1417 4568 εἶπεν.
