3436 5161
1268 366 1543 415 nurus
1587 366 1922 417 sosarnus.
2649 346 2773 417 3¹71

492 532 858 599 Plurimum
904 533 1221 600 lectitavit
1266 532 1306 599 J
1309 534 1581 619 osephus
1628 532 1958 600 Strabonis
1999 534 2296 600 historias
2313 580 2330 613 ‚
2370 554 2561 620 quem
2594 552 2781 619 saepe

402 638 657 717 laudat,
702 660 884 723 saepe
930 640 1124 706 etiam
1175 639 1377 706 celato
1423 643 1679 707 nomine
1727 642 2027 707 describit
2043 662 2061 720 3
2113 639 2220 707 sed
2260 650 2568 727 quantum
2611 660 2778 706 com-

400 748 572 832 peri,
623 745 702 811 de
746 745 1051 812 Strabone
1097 746 1165 812 id
1210 747 1489 813 nondum
1538 748 1946 813 observatum
1996 748 2151 832 fuit,
2189 748 2354 839 quod
2401 769 2567 831 nunc
2611 746 2781 813 nude
2894 828 2900 835 ·

400 856 465 917 et
511 852 889 937 simpliciter
934 874 1202 939 ponam,
1250 859 1325 919 ut
1372 854 1483 919 alii
1532 860 1748 939 postea
1793 854 2150 921 cuiusmodi
2196 854 2264 920 id
2308 856 2427 939 sit,
2478 855 2557 919 ab
2603 855 2780 920 omni

398 964 577 1044 parte
624 958 966 1024 illustrent.
1039 958 1267 1025 Strabo
1314 962 1383 1025 in
1428 960 1736 1026 Historiis
1783 962 1917 1025 suis
1963 961 2390 1025 intermissam
2432 981 2468 1025 a
2509 958 2780 1048 Polybio

399 1064 595 1131 telam
646 1071 1061 1144 resumserat,
1114 1066 1281 1152 quod
1324 1068 1565 1133 indicat
1609 1069 1746 1152 ipse
1793 1070 1859 1131 in
1910 1064 2142 1155 Geogr.
2192 1066 2294 1132 XI
2338 1089 2402 1152 p.
2452 1064 2619 1149 515,
2667 1066 2781 1131 ubi

399 1170 619 1237 laudat
681 1172 787 1247 τὴν
831 1170 1012 1245 ἕκτην
1056 1178 1175 1237 τῶν
1223 1178 1515 1251 Ἱςορικῶν
1567 1172 2026 1251 ὑπομνημάτων
2070 1173 2334 1258 βίβλον,
2384 1173 2668 1251 δευτέραν
2717 1171 2780 1236 δὲ
2913 1175 2916 1183 ’

399 1283 515 1342 τῶν
564 1278 733 1353 μετὰ
780 1277 1107 1356 Πολύβιον.
1186 1278 1359 1354 Quid
1403 1282 1681 1364 mirum,
1732 1282 1789 1344 si
1834 1283 1902 1344 in
1949 1300 2022 1346 eo
2069 1300 2253 1365 opere
2299 1278 2528 1345 Strabo
2572 1298 2782 1364 presse

399 1390 655 1450 secutus
716 1390 813 1451 est
858 1386 1108 1451 dicendi
1154 1406 1358 1473 genus
1378 1434 1395 1465 ,
1445 1406 1569 1471 quo
1607 1388 1818 1452 utitur
1865 1388 2132 1472 scriptor
2175 1384 2781 1472 Megalopolitanus.

397 1488 573 1555 Haec
633 1496 848 1557 autem
912 1492 1195 1557 imitatio
1261 1494 1456 1558 etiam
1522 1493 1709 1559 hodie
1776 1492 1942 1577 apud
2001 1490 2348 1577 Josephum
2407 1492 2578 1556 haud
2641 1510 2782 1556 raro

397 1596 694 1683 pellucet.
766 1597 986 1663 Veluti
1046 1603 1188 1684 quis
1238 1600 1531 1665 dubitare
1578 1602 1815 1685 poterit
1861 1598 2176 1664 undenam
2227 1598 2456 1664 habeat
2500 1597 2568 1663 id
2614 1596 2782 1683 quod

396 1711 609 1770 narrat
656 1702 876 1790 Antiq.
931 1704 1035 1771 13.
1090 1704 1192 1770 12.
1236 1704 1299 1769 2.
1350 1704 1605 1771 Bellum
1654 1712 1789 1771 erat
1838 1712 2130 1772 exortum
2176 1706 2342 1770 inter
2392 1702 2780 1769 Antiochum

396 1812 785 1893 φιλομήτορα
834 1816 899 1877 et
943 1812 1332 1877 Antiochum
1382 1810 1790 1900 Cyzicenum.
1861 1810 2175 1890 Ἐκάτεροι
2222 1812 2286 1877 δὲ
2332 1811 2402 1876 τὸ
2451 1808 2604 1875 αὐτὸ
2652 1816 2778 1882 τοῖς

396 1919 699 1993 α’θληταῒς
749 1915 1067 2013 ἔπασχον,
1117 1910 1169 1983 οἳ
1216 1928 1295 2001 τῇ
1343 1918 1597 1996 δυνάμει
1636 1921 1752 1995 μὲν
1795 1918 2322 1997 ἀπηγορευκότες,
2349 1916 2780 1999 αἰσχυνόμενοι

398 2024 459 2089 δὲ
523 2033 971 2106 παραχωρῆσαι
1038 2024 1371 2103 διετέλουν,
1442 2025 1637 2109 άργία
1688 2026 1793 2090 καὶ
1840 2024 2196 2091 άναπαύσει
2243 2023 2630 2104 διαφέροντες
2679 2024 2784 2089 τὸν

395 2133 637 2209 ἀγῶνα.
708 2131 829 2197 Illa
885 2151 1132 2218 quoque
1177 2132 1439 2218 Polybii
1485 2135 1911 2217 imitatorem,
1958 2132 2078 2197 hoc
2126 2136 2222 2197 est
2267 2130 2643 2196 Strabonem
2689 2149 2784 2216 sa·

398 2240 619 2324 piunt,
670 2259 833 2323 quae
879 2238 1159 2327 legimus
1207 2239 1429 2325 Antiq.
1484 2238 1591 2303 14.
1649 2241 1705 2302 1.
1762 2240 1792 2301 1
1823 2286 1838 2314 ,
1891 2241 2002 2324 qui
2042 2237 2218 2305 locus
2256 2237 2604 2323 impeditus
2646 2238 2784 2320 qui-

396 2342 542 2409 dem
598 2350 729 2429 est,
778 2345 887 2411 sed
944 2352 1201 2430 apparet
1248 2344 1598 2430 Josephum
1646 2346 1833 2409 unice
1877 2345 2072 2409 fuisse
2118 2343 2466 2409 sollicitum
2515 2348 2590 2406 ut
2633 2361 2784 2408 vera

398 2450 710 2516 traderet:
782 2452 1029 2514 πάντων
1093 2452 1156 2516 δὲ
1204 2454 1450 2525 μᾶλλον
1495 2459 1605 2526 τῆς
1656 2449 1985 2529 ἀκριβείας
2036 2449 2176 2521 τοὺς
2226 2455 2626 2527 συγγραφεῖς
2677 2470 2782 2515 ςσ-

394 2556 704 2640 χάζεσθαι
769 2557 866 2623 δεῖ
927 2556 1029 2622 καὶ
1100 2561 1205 2622 τοῦ
1271 2558 1353 2622 τὰ
1417 2559 1615 2633 άληθῆ
1679 2556 1888 2636 λέγειν
1943 2565 2072 2630 τοῖς
2123 2555 2254 2636 περ)
2304 2550 2380 2621 ὧν
2425 2556 2532 2620 οὐκ
2577 2553 2781 2619 ἴσασιν

398 2664 571 2729 αὐτοὶ
639 2662 907 2731 πιςεύειν
970 2665 1175 2735 αὐτοῖς
1244 2664 1596 2741 μέλλουσιν.
1668 2662 1792 2728 Sed
1857 2669 1990 2729 tota
2034 2661 2466 2750 paragraphus
2512 2659 2783 2748 legenda

394 2777 509 2837 est.
572 2770 719 2858 Ipse
764 2770 1079 2857 Polybius
1126 2791 1250 2837 non
1296 2769 1495 2836 semel
1539 2769 1840 2836 laudatur
1885 2771 2362 2855 Antiquitatum
2405 2767 2780 2834 duodecimo

392 2875 575 2942 libro.
648 2876 864 2943 Etiam
927 2876 1231 2944 Nicolaus
1290 2875 1723 2942 Damascenus
1781 2878 1849 2942 in
1912 2876 2194 2944 historiis
2255 2873 2563 2942 Strabone
2627 2893 2782 2939 usus

396 2989 528 3069 est,
574 2984 723 3050 vide
770 2986 920 3050 Ant.
975 2983 1079 3049 13.
1135 2982 1241 3051 12.
1290 2981 1352 3049 6.

483 3197 701 3281 Antiq.
756 3194 859 3260 13.
916 3195 1022 3262 12.
1073 3195 1147 3261 5:
1199 3195 1411 3274 θάρσος
1458 3197 1521 3262 δὲ
1568 3197 1780 3270 αὐτοῖς
1831 3197 1938 3262 οὐκ
1978 3194 2186 3273 ὀλίγον
2230 3194 2780 3283 έποίησεν,1630

394 3301 851 3375 ἐνεποίησεν.
923 3304 1141 3390 Antiq.
1211 3301 1314 3368 13.
1390 3301 1489 3368 12.
1555 3301 1595 3368 6
1677 3301 2082 3368 Ptolemaeus
2142 3300 2465 3367 Lathurus
2531 3301 2780 3367 invadit

392 3405 670 3474 Judaeae
733 3410 943 3486 vicos,
1008 3429 1165 3493 quos
1224 3415 1529 3487 γυναικῶν
1575 3409 1754 3488 εὑρὼν
1799 3407 2025 3487 μεςοὺς
2071 3408 2176 3472 καὶ
2225 3408 2448 3482 νηπίων
2495 3409 2778 3474 ἐκέλευσε

390 3515 531 3586 τοὺς
579 3514 967 3592 ςρατιῶτας,
1024 3513 1557 3596 ἀποσφάττοντας
1606 3517 1830 3586 αὐτοὺς
1880 3515 1986 3581 καὶ
2037 3519 2505 3593 κρεουργοῦντας
2555 3511 2779 3580 ἔπειτα

392 3620 477 3694 εἷς
527 3620 807 3698 λέβητας
857 3619 1106 3702 ζέοντας
1156 3621 1421 3692 ἐνιέντας
1466 3622 1551 3685 τὰ
1601 3621 1766 3698 μέλη
1815 3621 2329 3700 άπάρχεσθαι.
2382 3618 2666 3687 Stultum
2690 3620 2779 3686 fa-

390 3726 610 3792 bulam
663 3748 739 3792 ex
787 3725 1095 3793 Strabone
1129 3727 1191 3794 N
1194 3726 1433 3794 icolaus
1470 3728 1695 3806 habet,
1735 3749 1812 3792 ex
1843 3725 2104 3792 Nicolao
2135 3725 2466 3812 Josephus.
2515 3724 2778 3791 Addunt

392 3835 588 3898 etiam
636 3853 891 3900 causam
915 3883 932 3917 ‚
990 3855 1104 3899 cur
1148 3855 1258 3899 rex
1304 3834 1423 3900 hoc
1470 3835 1776 3899 saevitiae
1822 3832 2186 3918 exemplum
2236 3830 2532 3897 ediderit:
2579 3827 2678 3895 ἵνα
2725 3832 2776 3896 οἱ

394 3938 809 4018 διαφυγόντες
860 3939 929 4005 ἐκ
978 3947 1087 4012 τῆς
1136 3939 1359 4022 μάχης
1392 3977 1473 3989 —-
1506 3939 1944 4020 σαρκοφάγους
1997 3937 2391 4015 ὑπολάβωσιν
2436 3932 2588 4002 εἶναι
2635 3937 2776 4010 τοὺς

391 4047 745 4123 πολεμίους.
818 4045 941 4112 Sed
1005 4046 1158 4131 quid
1218 4046 1475 4113 tandem
1526 4052 1623 4112 est
1671 4042 2118 4129 άπάρχεσθαιῖ
2177 4043 2494 4129 Equidem
2539 4044 2780 4111 intelli-

392 4172 550 4238 gam
598 4151 1145 4232 ἀπέρχεσθαι.

485 4363 855 4450 Cleopatra,
901 4370 975 4431 ut
1022 4371 1121 4432 est
1166 4365 1383 4451 Antiq.
1440 4363 1543 4430 13.
1601 4363 1706 4432 13.
1760 4367 1796 4432 1
1819 4414 1838 4450 ,
1885 4362 2094 4430 filium
2144 4364 2424 4444 περιιδεῖν
2468 4366 2574 4430 οὐκ
2619 4363 2776 4443 ἔγνω

395 4509 477 4524 -
526 4474 931 4540 ποθοῦντα
997 4475 1106 4547 την
1152 4475 1268 4538 τῶν
1319 4471 1680 4551 Αἰγυπτίων
1728 4472 1926 4554 α’ρχην
1973 4469 2161 4554 μείζω
2210 4473 2554 4552 γενόμενον.
2623 4470 2776 4539 Sine
