3436 5161
1428 393 1669 444 menno.
2609 379 2740 447 305

448 560 562 626 ΙΙΙ.
607 561 667 624 4.
718 561 810 625 De
849 558 1243 644 philosophis
1285 567 1348 623 et
1386 557 1544 624 viris
1583 557 1863 642 politicis
1903 563 2078 646 agit3
2118 558 2255 624 illis
2277 559 2533 624 laudem
2562 581 2744 626 suam

353 688 482 733 non
540 666 822 738 invidet.
887 665 1074 730 modo
1123 665 1464 729 concedant
1510 685 1642 728 esse
1690 662 2075 748 peculiarem
2126 665 2408 750 aliquam
2459 667 2739 751 discipli-

353 795 502 838 nam
568 772 914 858 politicam.
1009 771 1258 848 „Quare
1317 772 1447 834 sint
1493 772 1674 835 nobis
1721 773 1864 847 isti,
1916 773 2025 854 qui
2076 771 2153 836 de
2199 775 2441 838 ratione
2486 773 2744 838 vivendi

354 881 706 957 disserunt,
773 881 996 964 magni
1041 877 1366 960 homines,
1416 881 1489 941 ut
1536 884 1721 960 sunt,
1772 879 1900 941 sint
1948 877 2223 953 eruditi,
2272 880 2399 942 sint
2446 881 2743 944 veritatis

355 993 421 1052 et
483 985 742 1052 virtutis
803 985 1098 1070 magistri
1121 1032 1139 1065 ‚
1189 984 1341 1047 dum
1393 983 1581 1048 modo
1629 983 1715 1047 sit
1760 981 1914 1047 haec
1962 983 2270 1067 quaedam
2322 985 2459 1050 sive
2506 1005 2545 1049 a
2588 985 2746 1051 viris

353 1096 423 1157 in
484 1111 695 1156 rerum
761 1089 1164 1174 publicarum
1228 1092 1534 1155 varietate
1583 1091 1849 1154 versatis
1901 1091 2194 1164 inventa,
2247 1093 2383 1154 sive
2431 1093 2626 1155 etiam
2678 1092 2745 1155 in

353 1202 621 1263 istorum
684 1201 814 1262 otio
879 1217 951 1260 ac
1013 1195 1245 1262 litteris
1303 1203 1571 1260 tractata
1635 1215 1732 1259 res
1794 1196 1961 1259 sicut
2022 1202 2116 1259 est
2165 1197 2435 1260 minime
2483 1196 2741 1281 quidem

357 1304 813 1369 contemnenda
859 1305 1021 1367 ratio
1067 1301 1276 1367 civilis
1325 1311 1388 1365 et
1435 1301 1771 1386 disciplina
1818 1299 2292 1386 populorum&

448 1409 740 1474 Baiterus
811 1411 1120 1485 sentiens,
1207 1407 1529 1491 periodum
1606 1426 1732 1470 non
1800 1414 1968 1472 recte
2038 1407 2493 1473 conformatam
2568 1429 2738 1488 esse,

357 1517 551 1580 verba
615 1535 792 1593 „res‚
839 1517 1005 1579 sicut
1049 1525 1176 1596 est,
1225 1515 1494 1577 minime
1542 1513 1799 1598 quidem
1850 1513 2343 1578 contemnenda”
2394 1535 2431 1578 a
2478 1515 2741 1600 reliquis

354 1622 604 1685 uncinis
664 1621 1018 1705 separavit,
1084 1621 1149 1682 in
1215 1639 1339 1703 quo
1400 1624 1553 1682 sicut
1615 1627 1702 1682 εει
1765 1621 1843 1683 ab
1900 1639 2016 1682 usu
2088 1618 2411 1684 Ciceronis
2482 1622 2739 1686 recedit.

353 1721 634 1793 Mullero
699 1748 773 1792 ea
831 1727 1160 1790 distinctio
1213 1745 1334 1790 non
1399 1724 1621 1810 placet.
1713 1723 2060 1810 Scripsitne
2109 1723 2364 1791 Cicero:
2431 1733 2742 1803 „tractata

351 1855 452 1898 res
517 1841 646 1917 est,
695 1835 860 1898 sicut
906 1828 1076 1897 est'’?
1149 1830 1293 1908 „Sit
1337 1832 1494 1896 hae'c
1540 1832 1889 1915 quaedam,
1938 1833 2074 1897 sive
2121 1852 2159 1896 a
2205 1834 2363 1898 viris
2409 1835 2475 1896 in
2524 1854 2739 1898 rerum

352 1937 756 2024 publicarum
801 1941 1106 2004 varietate
1144 1939 1412 2002 versatis
1451 1939 1712 2002 inventa
1732 1984 1747 2015 ‚
1790 1939 1926 2002 sive
1966 1939 2159 2002 etiam
2200 1940 2267 2002 in
2308 1941 2578 2003 istorum
2609 1940 2739 2004 otio

351 2065 424 2110 ac
483 2045 720 2110 litteris
775 2051 1045 2109 tractata
1108 2065 1205 2108 res
1264 2050 1394 2120 est,
1443 2045 1610 2108 sicut
1657 2050 1789 2125 est,
1838 2046 2109 2108 minime
2155 2044 2411 2128 quidem
2461 2052 2741 2109 contem·

349 2151 554 2220 nenda
581 2154 743 2216 ratio
766 2150 977 2215 civilis
1001 2157 1066 2214 et
1091 2149 1425 2234 disciplina
1449 2149 1865 2234 populorum”
1890 2151 2128 2233 (rerum
2157 2150 2555 2234 publicarum
2571 2147 2735 2234 2).—

351 2255 760 2342 Paragrapho
824 2255 864 2320 6
928 2276 1154 2340 sequor
1213 2256 1444 2320 codicis
1499 2255 1837 2321 lectionem
1890 2258 2031 2332 „sin
2079 2259 2271 2319 altera
2316 2256 2399 2320 eit
2445 2265 2586 2320 utra
2632 2259 2740 2321 via

349 2363 724 2448 prudentiae
790 2361 1170 2448 deligenda’'
1226 2361 1424 2448 vulgo
1487 2361 1739 2425 alter-asc
1802 2369 1941 2426 utra
2002 2361 2199 2426 edunt
2260 2363 2424 2440 (cod.
2472 2371 2737 2427 Amma-

352 2477 690 2548 snorum
727 2469 761 2552 ᾖ
811 2467 848 2532 7
891 2488 1036 2532 cum
1078 2467 1358 2532 Mullero
1394 2467 1544 2554 lego
1583 2478 1758 2552 quot,
1798 2486 1913 2552 pro
1952 2469 2113 2551 quod
2140 2469 2496 2533 mutatione
2520 2489 2739 2553 reapse

351 2572 533 2640 nulla
582 2596 728 2640 cum
777 2577 1134 2660 promiscue
1181 2575 1512 2640 scribatur.
2706 2575 2711 2578 ’

449 2788 548 2852 15.
625 2784 766 2853 Hoc
827 2788 1024 2851 nimis
1081 2790 1406 2872 ineptum,
1456 2792 1528 2852 ut
1577 2787 1868 2852 dicantur
1918 2786 2332 2852 Athenienses
2382 2787 2587 2852 iurare
2622 2813 2738 2873 pu-

350 2894 501 2957 blice
561 2893 769 2957 solitos
823 2915 977 2972 esse,
1027 2912 1283 2958 omnem
1329 2914 1510 2957 suam
1560 2899 1793 2958 terram
1845 2913 2011 2968 esse,
2062 2913 2223 2978 quae
2270 2894 2477 2958 oleam
2524 2894 2733 2959 ferret.

349 2998 652 3084 Suspicor
699 2998 913 3065 locum
965 3002 1057 3065 sic
1105 3002 1413 3084 scriptum
1466 2997 1621 3063 olim
1671 3000 1901 3064 fuisse:

1257 3104 1743 3170 Lacedaemonii
1788 3125 1937 3170 suos
1983 3108 2192 3171 omnis

1133 3294 1170 3304 -
1254 3232 1440 3298 agros
1487 3232 1620 3277 esse
1667 3211 2023 3276 dictitarint
2044 3258 2059 3289 ‚

935 3298 1182 3429 ’ἜΞΖΜ
1250 3337 1407 3402 quos
1453 3316 1698 3402 spiculo
1746 3323 2000 3401 possent
2050 3321 2145 3381 at-

933 3394 1157 3511 {olebant
1251 3424 1533 3511 tingere,
1582 3423 1997 3489 Athenienses
2046 3442 2179 3488 om·

1247 3548 1396 3591 nem
1445 3548 1626 3593 suam
1678 3548 1815 3593 esse
1868 3536 2101 3594 terram
2125 3574 2143 3608 ,
2191 3548 2353 3613 quae

1256 3631 1459 3698 oleam
1511 3634 1809 3721 frugesve
1856 3634 2065 3700 ferret.

340 3732 594 3820 Nempe
631 3736 853 3821 furari
898 3735 1184 3803 solebant
1235 3740 1304 3803 in
1351 3738 1607 3824 publico
1650 3740 2153 3806 Lacedaemonii.
2229 3740 2403 3807 Hinc
2450 3743 2693 3807 factum
2714 3792 2735 3829 ,

341 3839 670 3906 vocabulis
725 3841 860 3907 illis
916 3846 1229 3928 corruptis
1275 3850 1342 3909 et
1387 3848 1453 3909 in
1503 3851 1871 3912 contextum
1922 3848 2218 3932 receptis:
2276 3847 2737 3923 „Athenienses

338 3944 554 4011 iurare
601 3949 796 4013 etiam
847 3948 1103 4034 publice
1149 3949 1435 4016 solebant
1481 3972 1739 4017 omnem
1787 3960 1971 4017 suam
2020 3972 2155 4017 esse
2201 3952 2505 4018 terram'’.

437 4156 546 4223 26.
621 4160 764 4237 „Ad
822 4160 976 4225 haec
1037 4160 1151 4227 illa
1214 4161 1340 4226 dici
1401 4161 1610 4228 solent
1668 4165 1953 4247 primum
2017 4164 2095 4228 ab
2140 4165 2253 4241 iis,
2308 4166 2417 4249 qui
2462 4167 2735 4231 minime

340 4270 496 4329 sunt
555 4268 622 4329 in
680 4265 1038 4332 disserendo
1099 4266 1296 4345 mali,
1360 4270 1469 4353 qui
1531 4271 1600 4333 in
1660 4270 1773 4333 hae
1833 4270 1952 4355 (sic
2010 4267 2082 4335 G.
2154 4289 2311 4337 com
2372 4271 2451 4335 cf.
2511 4270 2734 4337 Halm.

340 4393 403 4457 p.
473 4368 633 4457 926)
695 4391 882 4437 causa
948 4392 1020 4437 eo
1083 4372 1227 4458 plus
1275 4376 1672 4439 auctoritatis
1720 4375 1987 4453 habent,
2038 4375 2222 4460 quia,
2270 4397 2421 4441 cum
2471 4377 2549 4442 de
2594 4380 2737 4444 viro

341 4479 508 4543 bono
555 4479 917 4563 quaeritur,
967 4499 1156 4564 quem
1204 4486 1491 4565 apertum
1547 4488 1610 4546 et
1655 4481 2014 4569 simplicem
2058 4481 2359 4550 volumus
2399 4502 2569 4562 esse,
2603 4503 2734 4549 non
