3436 5161
635 344 722 411 62
1618 361 2017 414 nnnonowus.

720 530 798 595 In
858 531 1130 596 secundo
1190 530 1354 598 libro
1401 554 1455 596 0.
1508 529 1592 600 47
1645 545 1893 616 praeter
1938 535 2329 596 constantem
2384 549 2627 596 morem
2679 530 3013 594 scribitur:

629 637 800 712 θυσίη
860 638 921 701 δὲ
985 635 1113 712 ἥδε
1162 645 1278 702 τῶν
1328 639 1437 702 ὑῶν
1483 648 1560 718 τῇ
1612 637 1851 718 Σελήνη
1900 639 2205 714 ποιέεται,
2260 656 2409 701 nam
2458 632 2601 700 ὦδε
2648 636 2900 721 requiro
2954 642 3020 698 et

627 745 698 808 in
742 747 1028 809 extremo
1073 747 1279 828 capite
1325 743 1582 830 supple:
1634 745 1684 807 οἱ
1734 743 1794 807 δὲ
1844 742 2101 816 πένητες
2143 743 2344 808 αὐτῶν
2395 742 2677 812 eat-rivae
2725 741 3018 805 πλάσαν-

631 873 734 921 τες
771 845 838 920 ὖς
878 850 980 913 καὶ
1020 850 1401 924 ὀπτήσαντες
1442 848 1682 922 ταύτας
1729 845 1971 936 (οὕτω)
2008 848 2229 916 θύουσι.
2277 849 2512 913 Itidem
2554 843 2707 912 οὕτω
2758 847 3018 931 periisse

630 956 887 1023 videtur
940 955 1037 1021 IX
1091 954 1250 1020 102:
1302 955 1656 1031 διωσάμενοι
1705 955 1832 1034 γὰρ
1880 955 1966 1018 τὰ
2014 955 2207 1035 γέρρα
2254 951 2337 1018 οὗ
2352 977 2467 1018 τοι
2515 951 2835 1032 Φερόμενοι
2888 950 3017 1015 ἐσέ-

631 1084 816 1126 πεσον
861 1061 923 1134 ἐς
971 1061 1108 1133 τοὺς
1158 1061 1433 1141 Πέρσας,
1481 1081 1632 1126 nam
1681 1061 1773 1126 ibi
1818 1081 2065 1146 quoque
2111 1059 2320 1145 placet
2367 1057 2563 1125 οὕτω
2613 1058 2956 1140 φερόμενοι.

718 1322 1082 1389 Solemnem
1131 1321 1555 1407 corruptelam
1592 1322 1816 1389 odoror
1852 1320 1917 1386 II
1957 1321 2077 1385 51:
2124 1319 2490 1394 Ἀθηναίοισι
2539 1318 2665 1399 γὰρ
2707 1318 2815 1393 ἤδη
2858 1343 3017 1391 τηνι-

628 1435 834 1494 καῦτα
877 1431 937 1500 ἐς
969 1431 1302 1524 Ἕλληνας.
1328 1429 1601 1493 τελέουσι
1644 1428 1967 1505 Πελασγοὶ
2008 1427 2259 1491 σύνοικοι
2302 1426 2574 1502 ἐγένοντο
2615 1425 2673 1489 ἐν
2714 1433 2791 1505 τῇ
2816 1423 3012 1505 χώρῃ,

629 1533 756 1600 ὅθεν
794 1559 905 1614 περ
953 1536 1056 1598 καὶ
1101 1532 1402 1610 Ἕλληνες
1451 1534 1707 1615 ἤρξαντο
1756 1535 2257 1610 νομισθῆναι,
2308 1532 2588 1617 praefero
2640 1533 2813 1596 enim
2861 1531 3015 1595 δνο-

630 1643 1063 1718 μασθῆναι.

723 1883 895 1950 Miro
953 1903 1158 1949 errore
1215 1883 1456 1970 legitur
1517 1882 1592 1948 de
1661 1883 2005 1949 Phoenissa
2076 1882 2378 1960 muliere,
2454 1903 2615 1968 quae
2684 1881 3011 1949 Dodonam

631 1988 895 2054 advecta
962 1989 1087 2053 fuit
1144 1988 1212 2053 11
1277 1987 1393 2052 56:
1461 1987 1680 2052 ἔπειτα
1743 1989 2110 2053 δουλεύουσαι
2176 1988 2385 2054 αὐτόθι
2450 1987 2808 2066 ἱδρύσασθαι
2873 1985 3017 2051 ὑπὸ

631 2097 860 2176 Φηγῷ
907 2099 1314 2176 πεφυκυίῃ
1363 2096 1506 2167 Διὸς
1554 2093 1694 2173 ι’ρόν.
1770 2095 2013 2160 Steinio
2060 2095 2180 2160 hoc
2226 2098 2382 2160 satis
2422 2092 2722 2159 credibile
2764 2092 3017 2158 videtur

632 2205 848 2284 itaque
918 2203 1404 2286 interpretatur:
1475 2208 1651 2264 under
1722 2201 1885 2264 einer
1954 2202 2329 2264 natarat-ken
2396 2200 2741 2263 wioekliclten
2810 2199 3017 2262 Bucho

633 2306 800 2391 (oder
860 2308 1140 2371 vielmehr
1203 2306 1550 2391 Speiseiche)
1623 2307 1688 2368 in
1762 2307 2083 2387 Geyencatz
2125 2329 2199 2370 zu
2245 2308 2351 2371 der
2398 2306 2646 2369 bicdcick
2693 2305 3017 2390 aufzufac·

630 2415 848 2478 senden
903 2413 1112 2477 Taube.
1184 2412 1328 2478 Non
1372 2411 1615 2497 placuit
1663 2411 1781 2477 hoc
1828 2412 2290 2495 Herwerdeno,
2330 2413 2441 2498 qui
2480 2413 2734 2496 putavit
2770 2431 2839 2474 se
2864 2413 3015 2475 sim·

631 2519 785 2606 plici
833 2522 1170 2587 verborum
1222 2520 1708 2604 transpositione
1757 2517 2159 2585 offensionem
2210 2517 2526 2583 declinare
2572 2537 2753 2603 posse
2798 2519 3015 2602 itaque

630 2628 1128 2694 commendavit:
1199 2627 1314 2691 ὑπὸ
1378 2628 1568 2707 φηγῷ
1637 2625 1844 2690 αὐτόθι
1894 2626 2227 2705 πεφυκυίῃ.
2300 2625 2423 2689 Sed
2472 2624 2674 2688 fuitne
2720 2644 2793 2688 ea
2834 2622 3017 2687 aedes

631 2735 749 2800 sub
798 2738 988 2799 unius
1033 2735 1274 2799 arboris
1319 2734 1516 2796 ramis
1557 2729 1879 2798 contecta?
1944 2733 2075 2797 Aut
2116 2730 2298 2796 aedes
2336 2749 2641 2815 perparva
2680 2734 2793 2793 aut
2833 2727 3017 2793 arbor

630 2842 856 2927 ingens
915 2840 1111 2904 fuerit
1168 2849 1417 2903 necesse
1480 2843 1593 2902 est.
1670 2837 2003 2902 Praeterea
2064 2839 2131 2900 in
2182 2834 2299 2901 tali
2344 2855 2410 2899 re
2458 2855 2651 2918 quam
2698 2834 3018 2898 inutiliter

629 2945 886 3011 additur
947 2944 1358 3029 participium
1423 2940 1765 3023 πεφυκυίῃῐ
1850 2941 2049 3008 Aliud
2108 2944 2233 3005 nisi
2296 2939 2480 3006 fallor
2547 2940 2741 3004 latet:
2787 2960 3017 3024 nempe

633 3052 1036 3130 ὑποφῆτις
1100 3056 1520 3129 πεφυκυῖα
1581 3048 1684 3113 vel
1750 3052 1804 3113 si
1865 3048 1931 3114 id
1981 3049 2190 3113 mavis
2236 3054 2555 3124 γεγονυῖα.
2627 3046 2719 3111 ΕΟ
2768 3066 3017 3131 quoque

628 3157 988 3223 referuntur
1032 3157 1227 3221 verba
1271 3175 1432 3240 quae
1483 3158 1788 3220 continuo
1836 3160 2217 3239 sequuntur:
2266 3150 2465 3233 ὥσπερ
2516 3148 2583 3226 ἦν
2618 3154 2774 3221 οἰκὸς
2814 3154 3015 3230 οὶμφι-

627 3263 1008 3327 πολεύουσαν
1057 3262 1116 3325 ἐν
1167 3262 1411 3342 Θήβῃσι
1461 3261 1604 3332 Διὸς
1653 3261 1791 3342 ἱρόν.
1862 3261 2063 3326 Plane
2106 3260 2426 3325 inutiliter
2470 3261 2577 3325 hic
2624 3256 2696 3324 fit
2741 3278 3007 3345 quereus
3048 3319 3053 3324 .

625 3370 885 3433 mentio.

721 3612 1128 3700 Myoerinum
1189 3612 1472 3701 legimus
1533 3612 1596 3679 II
1659 3612 1822 3679 133:
1888 3610 2204 3678 εὐπαθέειν
2265 3612 2321 3683 ἔς
2386 3637 2455 3677 τε
2526 3612 2613 3679 τὰ
2662 3608 2855 3677 ἕλεα
2902 3613 3008 3676 καὶ

624 3719 711 3784 τὰ
760 3718 968 3784 ἄλσεα
1009 3721 1440 3797 πλανώμενον,
1489 3718 1598 3784 sed
1638 3720 1952 3803 quomodo
2000 3722 2382 3806 conjungere
2408 3722 2619 3803 potuit
2644 3718 3010 3784 Herodotus

623 3826 932 3912 paludum
983 3833 1046 3891 et
1091 3846 1424 3890 nemorum
1477 3822 1915 3889 mentionem?
1985 3823 2209 3888 Vicina
2254 3823 2393 3889 loca
2440 3826 2633 3889 fuisse
2672 3826 2908 3889 dixeris
2946 3827 3012 3909 et

624 3934 680 3996 si
744 3933 899 3997 bene
965 3930 1260 4017 intelligo
1319 3949 1480 4014 quae
1537 3929 1693 3994 alibi
1754 3930 2093 3994 traduntur
2149 3929 2225 3993 de
2286 3930 2448 3993 fanis
2492 3926 3008 4016 Aegyptiorum,

626 4036 834 4103 veluti
881 4056 1042 4121 quae
1084 4038 1495 4102 inveniuntur
1541 4034 1601 4099 11
1653 4034 1818 4112 171,
1867 4034 2239 4121 Mycerinus
2283 4036 2497 4099 crebro
2548 4035 2721 4100 adire
2768 4034 3011 4100 solebat

625 4142 711 4206 τοὶ
772 4165 842 4206 τε
902 4142 1254 4216 τεμένεα
1303 4140 1406 4204 καὶ
1458 4140 1544 4203 τοὶ
1592 4138 1819 4206 ἄλσεα.
1892 4139 2133 4205 Eadem
2179 4139 2489 4205 vocabula
2535 4134 2869 4225 conjuncta
2912 4142 3007 4203 in-

623 4249 807 4312 venio
872 4245 957 4310 VI
1021 4244 1134 4311 79:
1203 4251 1408 4310 ταῦτα
1474 4246 1535 4310 δέ
1599 4270 1715 4318 κως
1779 4247 2063 4319 ἐλελήθεε
2122 4246 2261 4316 τοὺς
2310 4246 2574 4316 πολλοὺς
2626 4246 2764 4317 τοὺς
2816 4246 2874 4309 ἒν
2920 4247 3004 4322 τῷ

623 4354 870 4428 τεμένεϊ
895 4374 909 4387 ·
969 4348 1087 4416 ἅτε
1147 4353 1272 4435 γὰρ
1344 4356 1572 4423 πυκνοῦ
1637 4352 1833 4423 ἐόντος
1894 4356 2000 4416 τοῦ
2055 4349 2315 4435 ἄλσεος,
2365 4351 2472 4415 οὐκ
2518 4347 2687 4431 &psov
2734 4353 2786 4416 οἱ
2836 4349 2999 4425 ἐντὸς

621 4458 759 4531 τοὺς
812 4456 1006 4529 ἐκτός.
