3436 5161
405 1193 551 1298 DE
617 1193 972 1302 CASSII
1037 1199 1418 1305 DIONIS
1471 1198 1849 1306 LIBRIS
1905 1198 2237 1306 MANU
2300 1199 2787 1308 SCRIPTIS

1455 1474 1739 1526 Scnn’sl'n

1181 1689 1264 1755 U.
1310 1691 1428 1755 ΡΗ.
1483 1688 1777 1757 BOISSE
1787 1689 2009 1757 VAlN.

494 2162 760 2232 Constat
805 2169 972 2234 inter
1012 2167 1184 2233 'viros
1222 2166 1437 2232 doctos
1483 2163 1777 2234 Cassium
1816 2166 2087 2234 Dionem
2113 2165 2529 2234 Cocceianum
2553 2216 2570 2247 ‚
2594 2171 2791 2236 histo-
2886 2203 2889 2205 Α

403 2271 640 2337 riarum
709 2276 1088 2358 scriptorum
1153 2275 1558 2358 imperatoria
1620 2278 1826 2339 aetate
1884 2278 1994 2360 qui
2055 2273 2237 2340 nobis
2299 2276 2534 2341 servati
2602 2281 2751 2340 sunt
2769 2322 2785 2354 ‚

404 2375 626 2443 Tacito
685 2385 750 2444 et
807 2381 1099 2464 Appiano
1159 2381 1440 2464 exceptis
1463 2425 1479 2456 ‚
1539 2377 1727 2443 facile
1795 2381 2183 2464 principem,
2246 2379 2325 2444 ad
2372 2381 2541 2444 hunc
2589 2401 2789 2465 usque

405 2483 577 2549 diem
596 2533 614 2568 ,
660 2489 853 2550 etiam
904 2491 1048 2570 post
1094 2486 1388 2573 egregias
1433 2483 1721 2549 Reimari
1770 2490 1833 2549 et
1879 2483 2127 2550 Reiskii
2174 2491 2238 2548 et
2286 2485 2561 2550 Bekkeri
2608 2469 2791 2552 curas

404 2593 947 2677 novissimumque
984 2590 1296 2657 Dindorfii
1337 2592 1682 2656 editionem
1701 2638 1721 2675 ,
1772 2590 2054 2655 nondum
2102 2594 2195 2656 ita
2240 2610 2373 2657 esse
2418 2592 2664 2657 editum
2718 2602 2791 2658 ut

404 2695 887 2763 desiderandum
955 2697 1118 2762 nihil
1181 2698 1474 2782 supersit.
1551 2695 1685 2761 Nec
1732 2702 1947 2761 tamen
1994 2715 2157 2762 novo
2206 2697 2418 2762 studio
2466 2702 2531 2761 et
2580 2697 2791 2764 labore

404 2804 460 2865 is
503 2802 807 2890 indignus
845 2803 1123 2886 videtur,
1171 2804 1280 2887 qui
1327 2822 1426 2866 res
1472 2798 1795 2867 Romanas
1841 2802 1919 2867 ab
1969 2803 2214 2867 Aeneae
2258 2803 2325 2866 in
2372 2800 2625 2868 Italiam
2676 2804 2791 2869 ad-

409 2913 601 2975 ventu
662 2929 860 2994 usque
923 2909 1000 2974 ad
1067 2928 1249 2973 suam
1309 2914 1585 2973 aetatem
1635 2910 1718 2992 (a.
1765 2930 1827 2994 p.
1876 2905 1950 2974 C.
1998 2906 2160 2988 222)
2206 2928 2286 2974 ex
2329 2910 2546 2974 ordine
2595 2930 2790 2976 anno-

401 3034 548 3079 rum
612 3020 902 3081 accurate
961 3020 1029 3080 et
1085 3014 1464 3099 plerumque
1525 3015 1773 3101 optima
1842 3012 1963 3080 fide
2033 3017 2431 3100 perscripsit,
2503 3036 2793 3082 sermone

402 3123 618 3188 ieiuno
677 3122 936 3207 quidem
1001 3126 1066 3187 et
1127 3120 1317 3197 exili,
1374 3124 1442 3185 at
1487 3121 1642 3185 satis
1688 3140 1853 3206 puro
1899 3127 2114 3186 tamen
2160 3128 2225 3187 et
2272 3122 2349 3187 ad
2397 3124 2785 3206 optimorum

403 3230 785 3312 scriptorum
849 3230 1210 3294 Atticorum
1279 3229 1652 3312 praesertim
1714 3225 2113 3313 Thucydidis
2174 3228 2597 3293 elocutionem
2670 3231 2791 3295 sor-

403 3338 580 3399 mato
599 3383 618 3419 ,
680 3339 779 3419 et,
847 3334 899 3399 si
962 3336 1276 3399 orationes
1335 3331 1580 3417 aliquot
1619 3335 1899 3418 excipias
1944 3335 2007 3397 in
2056 3334 2288 3418 quibus
2334 3332 2552 3420 paullo
2600 3336 2791 3400 vehe—

403 3443 687 3505 mentius
747 3440 968 3506 inflare
1029 3438 1264 3517 soleat,
1333 3459 1372 3503 a
1416 3458 1580 3503 vana
1628 3446 1692 3503 et
1738 3440 1953 3523 inepta
1999 3440 2337 3504 verborum
2384 3459 2621 3525 pompa
2664 3442 2792 3507 fere

405 3550 669 3610 remoto.
742 3544 943 3613 Cuius
1005 3546 1211 3630 operis
1271 3564 1419 3609 cum
1477 3564 1714 3631 magna
1777 3563 1921 3628 pars
1984 3546 2276 3627 perierit,
2337 3543 2508 3609 felici
2577 3552 2791 3611 tamen

405 3670 555 3715 casu
601 3652 661 3715 ei
703 3650 857 3715 libri
899 3650 1083 3715 nobis
1127 3652 1363 3714 servati
1411 3654 1562 3713 sunt
1579 3696 1596 3725 ,
1655 3647 1887 3733 quibus
1934 3648 2201 3713 historia
2246 3647 2483 3714 liberae
2530 3654 2623 3715 rei
2668 3672 2791 3738 pu-

407 3754 609 3821 blicae
669 3757 961 3822 exeuntis
1017 3762 1111 3833 et,
1176 3754 1344 3839 quod
1391 3756 1749 3819 maximum
1800 3760 1933 3837 est,
1983 3755 2265 3818 ineuntis
2311 3758 2537 3819 aetatis
2582 3756 2789 3841 impe-

407 3862 677 3925 ratoriae
711 3868 1000 3927 enarrata
1045 3866 1182 3945 est,
1228 3860 1294 3924 id
1343 3864 1443 3924 est
1491 3880 1564 3924 ea
1609 3878 1825 3925 rerum
1870 3856 2299 3923 Romanarum
2346 3878 2489 3944 pars
2530 3881 2689 3945 quae
2726 3871 2793 3928 et

405 3968 678 4031 maximi
724 3968 1038 4032 momenti
1081 3971 1181 4031 est
1225 3984 1429 4049 neque
1477 3963 1645 4049 apud
1694 3970 1935 4030 ceteros
1981 3966 2093 4048 qui
2140 3970 2479 4050 supersunt
2526 3970 2791 4051 scripto-

405 4092 506 4137 res
567 4077 898 4137 tractatur.
969 4069 1062 4136 Eo
1124 4069 1334 4157 magis
1395 4070 1464 4135 id
1523 4072 1706 4136 nobis
1768 4075 2099 4155 acceptum
2162 4090 2296 4135 esse
2353 4070 2539 4136 debet
2557 4118 2575 4149 ‚
2622 4076 2791 4158 quod

409 4176 642 4261 quibus
676 4176 930 4265 leg-ibus
969 4181 1032 4241 et
1068 4177 1386 4241 institutis
1423 4176 1757 4263 Augustus
1795 4172 2033 4242 novum
2072 4176 2501 4261 principatum
2540 4174 2792 4247 firmare

409 4290 476 4347 et
517 4280 806 4349 stabilire
846 4283 1163 4348 studuerit
1209 4302 1464 4347 summa
1512 4281 1849 4369 diligentia
1893 4280 2146 4347 rettulit
2189 4286 2255 4347 et
2298 4282 2529 4349 harum
2574 4304 2789 4351 rerum

413 4390 642 4453 unicus
685 4388 869 4454 nobis
913 4389 1052 4453 fons
1099 4389 1422 4474 quantivis
1467 4390 1658 4472 pretii
1702 4394 2008 4472 superest.

506 4492 688 4575 Quod
749 4494 830 4560 ad
891 4492 1082 4559 fidem
1145 4504 1210 4559 et
1273 4495 1716 4559 auctoritatem
1776 4492 1999 4559 Dionis
2044 4495 2303 4571 attinet,
2357 4496 2488 4559 scio
2533 4497 2791 4580 quidem
