<?xml version="1.0" encoding="UTF-8"?>
<!DOCTYPE html PUBLIC "-//W3C//DTD XHTML 1.0 Transitional//EN"
    "http://www.w3.org/TR/xhtml1/DTD/xhtml1-transitional.dtd">
<html xmlns="http://www.w3.org/1999/xhtml" xml:lang="en" lang="en">
 <head>
  <title>
</title>
<meta http-equiv="Content-Type" content="text/html;charset=utf-8" />
  <meta name='ocr-system' content='tesseract 3.04.00' />
  <meta name='ocr-capabilities' content='ocr_page ocr_carea ocr_par ocr_line ocrx_word'/>
</head>
<body>
  <div class='ocr_page' id='page_1' title='image "./mnemosynevolume00verdgoog_0253.png"; bbox 0 0 3436 5161; ppageno 0'>
   <div class='ocr_carea' id='block_1_1' title="bbox 1540 295 2884 360">
    <p class='ocr_par' dir='ltr' id='par_1_1' title="bbox 1540 295 2884 360">
     <span class='ocr_line' id='line_1_1' title="bbox 1540 295 2884 360; baseline 0.004 -5"><span class='ocrx_word' id='word_1_1' title='bbox 1540 307 1844 359; x_wconf 65' lang='lat' dir='ltr'>osi-nnus.</span> <span class='ocrx_word' id='word_1_2' title='bbox 2752 295 2884 360; x_wconf 85' lang='lat'><strong><em>235</em></strong></span> 
     </span>
    </p>
   </div>
   <div class='ocr_carea' id='block_1_2' title="bbox 485 471 2943 3528">
    <p class='ocr_par' dir='ltr' id='par_1_2' title="bbox 485 471 2943 3528">
     <span class='ocr_line' id='line_1_2' title="bbox 499 471 2885 558; baseline 0.003 -19"><span class='ocrx_word' id='word_1_3' title='bbox 499 473 715 545; x_wconf 87' lang='grc' dir='ltr'><strong><em>πέντος</em></strong></span> <span class='ocrx_word' id='word_1_4' title='bbox 779 473 814 549; x_wconf 77' lang='grc' dir='ltr'>ἢ</span> <span class='ocrx_word' id='word_1_5' title='bbox 879 472 1050 539; x_wconf 86' lang='grc' dir='ltr'><strong><em>κατά</em></strong></span> <span class='ocrx_word' id='word_1_6' title='bbox 1112 498 1252 540; x_wconf 92' lang='grc' dir='ltr'><strong><em>τινα</em></strong></span> <span class='ocrx_word' id='word_1_7' title='bbox 1307 471 1509 549; x_wconf 73' lang='grc' dir='ltr'><strong><em>ἄλλην</em></strong></span> <span class='ocrx_word' id='word_1_8' title='bbox 1553 475 1875 556; x_wconf 77' lang='grc' dir='ltr'><strong><em>περίςασιν</em></strong></span> <span class='ocrx_word' id='word_1_9' title='bbox 1923 475 2306 556; x_wconf 83' lang='grc' dir='ltr'><strong><em>άπολομένου</em></strong></span> <span class='ocrx_word' id='word_1_10' title='bbox 2352 500 2457 542; x_wconf 92' lang='grc' dir='ltr'><strong><em>του</em></strong></span> <span class='ocrx_word' id='word_1_11' title='bbox 2504 476 2885 558; x_wconf 82' lang='grc' dir='ltr'><strong><em>γράμματος</em></strong></span> 
     </span>
     <span class='ocr_line' id='line_1_3' title="bbox 499 578 2883 661; baseline 0.002 -17"><span class='ocrx_word' id='word_1_12' title='bbox 499 581 534 658; x_wconf 76' lang='grc' dir='ltr'>ἢ</span> <span class='ocrx_word' id='word_1_13' title='bbox 601 578 1017 661; x_wconf 72' lang='grc' dir='ltr'><strong><em>συγχυθέντος</em></strong></span> <span class='ocrx_word' id='word_1_14' title='bbox 1042 602 1055 617; x_wconf 91' lang='grc'><em>·</em></span> <span class='ocrx_word' id='word_1_15' title='bbox 1121 579 1261 653; x_wconf 72' lang='grc' dir='ltr'><strong><em>ἴσως</em></strong></span> <span class='ocrx_word' id='word_1_16' title='bbox 1327 579 1392 646; x_wconf 78' lang='grc' dir='ltr'><strong><em>δέ</em></strong></span> <span class='ocrx_word' id='word_1_17' title='bbox 1453 604 1624 647; x_wconf 87' lang='grc' dir='ltr'><strong><em>τινων</em></strong></span> <span class='ocrx_word' id='word_1_18' title='bbox 1688 582 1791 647; x_wconf 74' lang='grc' dir='ltr'><strong><em>καὶ</em></strong></span> <span class='ocrx_word' id='word_1_19' title='bbox 1862 583 2033 648; x_wconf 71' lang='grc' dir='ltr'><strong><em>κατὰ</em></strong></span> <span class='ocrx_word' id='word_1_20' title='bbox 2079 582 2183 647; x_wconf 82' lang='grc' dir='ltr'><strong><em>τὸν</em></strong></span> <span class='ocrx_word' id='word_1_21' title='bbox 2229 581 2642 659; x_wconf 68' lang='grc' dir='ltr'><strong><em>ὀνομασθέντα</em></strong></span> <span class='ocrx_word' id='word_1_22' title='bbox 2687 608 2883 661; x_wconf 90' lang='grc' dir='ltr'><strong><em>μετα·-</em></strong></span> 
     </span>
     <span class='ocr_line' id='line_1_4' title="bbox 499 685 2885 768; baseline 0 -15"><span class='ocrx_word' id='word_1_23' title='bbox 499 687 1000 768; x_wconf 84' lang='grc' dir='ltr'><strong><em>γραμματισμὸν</em></strong></span> <span class='ocrx_word' id='word_1_24' title='bbox 1049 687 1516 767; x_wconf 68' lang='grc' dir='ltr'><strong><em>ἁμαρτηθέντων</em></strong></span> <span class='ocrx_word' id='word_1_25' title='bbox 1565 685 1631 752; x_wconf 80' lang='grc' dir='ltr'><strong><em>ἔκ</em></strong></span> <span class='ocrx_word' id='word_1_26' title='bbox 1680 713 1855 755; x_wconf 88' lang='grc' dir='ltr'><strong><em>τινων</em></strong></span> <span class='ocrx_word' id='word_1_27' title='bbox 1902 687 2439 768; x_wconf 79' lang='grc' dir='ltr'><strong><em>μεταβαλλόντων</em></strong></span> <span class='ocrx_word' id='word_1_28' title='bbox 2488 689 2555 753; x_wconf 78' lang='grc' dir='ltr'><strong><em>ἐκ</em></strong></span> <span class='ocrx_word' id='word_1_29' title='bbox 2603 696 2712 764; x_wconf 78' lang='grc' dir='ltr'><strong><em>τῆς</em></strong></span> <span class='ocrx_word' id='word_1_30' title='bbox 2762 714 2885 756; x_wconf 85' lang='grc' dir='ltr'><strong><em>πα-</em></strong></span> 
     </span>
     <span class='ocr_line' id='line_1_5' title="bbox 497 791 2882 882; baseline 0 -23"><span class='ocrx_word' id='word_1_31' title='bbox 497 797 688 866; x_wconf 74' lang='grc' dir='ltr'><strong><em>λαιάς</em></strong></span> <span class='ocrx_word' id='word_1_32' title='bbox 751 799 1005 875; x_wconf 78' lang='grc' dir='ltr'><strong><em>γραφῆς</em></strong></span> <span class='ocrx_word' id='word_1_33' title='bbox 1054 795 1139 866; x_wconf 76' lang='grc' dir='ltr'><strong><em>εἷς</em></strong></span> <span class='ocrx_word' id='word_1_34' title='bbox 1190 795 1299 868; x_wconf 72' lang='grc' dir='ltr'><strong><em>την</em></strong></span> <span class='ocrx_word' id='word_1_35' title='bbox 1347 791 1565 873; x_wconf 66' lang='grc' dir='ltr'><strong><em>ὑφέραν</em></strong></span> <span class='ocrx_word' id='word_1_36' title='bbox 1612 791 1875 881; x_wconf 77' lang='grc' dir='ltr'><strong><em>(ὕςερον)</em></strong></span> <span class='ocrx_word' id='word_1_37' title='bbox 1922 792 2373 874; x_wconf 74' lang='grc' dir='ltr'><strong><em>γεγραμμένην</em></strong></span> <span class='ocrx_word' id='word_1_38' title='bbox 2422 793 2595 882; x_wconf 82' lang='lat' dir='ltr'>(lege</span> <span class='ocrx_word' id='word_1_39' title='bbox 2640 795 2726 860; x_wconf 71' lang='grc' dir='ltr'><strong><em>τὰ</em></strong></span> <span class='ocrx_word' id='word_1_40' title='bbox 2773 819 2882 874; x_wconf 84' lang='grc' dir='ltr'><strong><em>γε-</em></strong></span> 
     </span>
     <span class='ocr_line' id='line_1_6' title="bbox 497 899 2884 987; baseline 0 -21"><span class='ocrx_word' id='word_1_41' title='bbox 497 899 868 987; x_wconf 81' lang='grc' dir='ltr'><strong><em>γραμμένα)</em></strong></span> <span class='ocrx_word' id='word_1_42' title='bbox 929 899 1073 981; x_wconf 81' lang='grc' dir='ltr'><strong><em>πρὸς</em></strong></span> <span class='ocrx_word' id='word_1_43' title='bbox 1131 903 1238 964; x_wconf 82' lang='grc' dir='ltr'><strong><em>τοῦ</em></strong></span> <span class='ocrx_word' id='word_1_44' title='bbox 1303 905 1578 966; x_wconf 75' lang='grc' dir='ltr'><strong><em>παλαιοῦ</em></strong></span> <span class='ocrx_word' id='word_1_45' title='bbox 1637 909 1993 966; x_wconf 79' lang='grc' dir='ltr'><strong>ΠΛΗΘΟΟ</strong></span> <span class='ocrx_word' id='word_1_46' title='bbox 2048 907 2767 966; x_wconf 75' lang='grc' dir='ltr'><strong>ἈΜΛΡΤΗΜΑΤΩΝ</strong></span> <span class='ocrx_word' id='word_1_47' title='bbox 2814 902 2884 967; x_wconf 77' lang='grc' dir='ltr'><strong><em>ἐκ</em></strong></span> 
     </span>
     <span class='ocr_line' id='line_1_7' title="bbox 497 1004 2881 1089; baseline 0 -16"><span class='ocrx_word' id='word_1_48' title='bbox 497 1006 726 1073; x_wconf 81' lang='grc' dir='ltr'><strong><em>τούτων</em></strong></span> <span class='ocrx_word' id='word_1_49' title='bbox 773 1004 1068 1072; x_wconf 85' lang='grc' dir='ltr'><strong><em>άπάντων</em></strong></span> <span class='ocrx_word' id='word_1_50' title='bbox 1116 1007 1175 1070; x_wconf 80' lang='grc' dir='ltr'><strong><em>έν</em></strong></span> <span class='ocrx_word' id='word_1_51' title='bbox 1223 1013 1475 1078; x_wconf 75' lang='grc' dir='ltr'><strong><em>πολλοῖς</em></strong></span> <span class='ocrx_word' id='word_1_52' title='bbox 1526 1013 1644 1072; x_wconf 78' lang='grc' dir='ltr'><strong><em>τῶν</em></strong></span> <span class='ocrx_word' id='word_1_53' title='bbox 1691 1005 2096 1089; x_wconf 85' lang='grc' dir='ltr'><strong><em>άντιγράφων</em></strong></span> <span class='ocrx_word' id='word_1_54' title='bbox 2142 1007 2429 1086; x_wconf 78' lang='grc' dir='ltr'><strong><em>ἡθροίσθη.</em></strong></span> <span class='ocrx_word' id='word_1_55' title='bbox 2495 1005 2572 1071; x_wconf 91' lang='lat' dir='ltr'>In</span> <span class='ocrx_word' id='word_1_56' title='bbox 2610 1006 2713 1073; x_wconf 80' lang='lat' dir='ltr'><strong><em>his</em></strong></span> <span class='ocrx_word' id='word_1_57' title='bbox 2750 1009 2881 1072; x_wconf 93' lang='lat' dir='ltr'><strong><em>im-</em></strong></span> 
     </span>
     <span class='ocr_line' id='line_1_8' title="bbox 495 1110 2878 1206; baseline 0 -28"><span class='ocrx_word' id='word_1_58' title='bbox 495 1115 724 1199; x_wconf 81' lang='lat' dir='ltr'>primis</span> <span class='ocrx_word' id='word_1_59' title='bbox 773 1110 1193 1180; x_wconf 78' lang='lat' dir='ltr'><strong>memorabile</strong></span> <span class='ocrx_word' id='word_1_60' title='bbox 1239 1118 1336 1177; x_wconf 90' lang='lat' dir='ltr'>est</span> <span class='ocrx_word' id='word_1_61' title='bbox 1383 1111 1549 1196; x_wconf 87' lang='lat' dir='ltr'>quod</span> <span class='ocrx_word' id='word_1_62' title='bbox 1595 1112 1817 1178; x_wconf 79' lang='lat' dir='ltr'><strong>scribit</strong></span> <span class='ocrx_word' id='word_1_63' title='bbox 1864 1113 1999 1193; x_wconf 82' lang='grc' dir='ltr'><strong><em>περ)</em></strong></span> <span class='ocrx_word' id='word_1_64' title='bbox 2039 1116 2725 1206; x_wconf 43' lang='grc' dir='ltr'><strong><em>,μεταγραμματισμοῦ</em></strong></span> <span class='ocrx_word' id='word_1_65' title='bbox 2772 1111 2878 1178; x_wconf 80' lang='grc' dir='ltr'><strong><em>καὶ</em></strong></span> 
     </span>
     <span class='ocr_line' id='line_1_9' title="bbox 496 1216 2879 1298; baseline -0 -13"><span class='ocrx_word' id='word_1_66' title='bbox 496 1225 615 1285; x_wconf 80' lang='grc' dir='ltr'><strong><em>τῶν</em></strong></span> <span class='ocrx_word' id='word_1_67' title='bbox 674 1216 759 1282; x_wconf 72' lang='grc' dir='ltr'><strong><em>τὰ</em></strong></span> <span class='ocrx_word' id='word_1_68' title='bbox 819 1216 1246 1297; x_wconf 69' lang='grc' dir='ltr'><strong><em>γεγραμμένα</em></strong></span> <span class='ocrx_word' id='word_1_69' title='bbox 1312 1218 1454 1298; x_wconf 85' lang='grc' dir='ltr'><strong><em>πρὸς</em></strong></span> <span class='ocrx_word' id='word_1_70' title='bbox 1519 1222 1626 1283; x_wconf 82' lang='grc' dir='ltr'><strong><em>τοῦ</em></strong></span> <span class='ocrx_word' id='word_1_71' title='bbox 1694 1223 1971 1285; x_wconf 77' lang='grc' dir='ltr'><strong><em>παλαιοῦ</em></strong></span> <span class='ocrx_word' id='word_1_72' title='bbox 2036 1217 2572 1296; x_wconf 81' lang='grc' dir='ltr'><strong><em>μεταβαλλόντων</em></strong></span> <span class='ocrx_word' id='word_1_73' title='bbox 2634 1219 2703 1285; x_wconf 76' lang='grc' dir='ltr'><strong><em>ἐκ</em></strong></span> <span class='ocrx_word' id='word_1_74' title='bbox 2767 1227 2879 1295; x_wconf 77' lang='grc' dir='ltr'><strong><em>τῆς</em></strong></span> 
     </span>
     <span class='ocr_line' id='line_1_10' title="bbox 497 1321 2881 1412; baseline 0 -21"><span class='ocrx_word' id='word_1_75' title='bbox 497 1328 782 1398; x_wconf 73' lang='grc' dir='ltr'><strong><em>παλαιᾶς</em></strong></span> <span class='ocrx_word' id='word_1_76' title='bbox 845 1330 1096 1406; x_wconf 77' lang='grc' dir='ltr'><strong><em>γραφῆς</em></strong></span> <span class='ocrx_word' id='word_1_77' title='bbox 1163 1325 1247 1396; x_wconf 78' lang='grc' dir='ltr'><strong><em>εἰς</em></strong></span> <span class='ocrx_word' id='word_1_78' title='bbox 1310 1326 1418 1399; x_wconf 65' lang='grc' dir='ltr'><strong><em>τὴν</em></strong></span> <span class='ocrx_word' id='word_1_79' title='bbox 1485 1321 1708 1404; x_wconf 77' lang='grc' dir='ltr'><strong><em>ὕςερον.</em></strong></span> <span class='ocrx_word' id='word_1_80' title='bbox 1797 1325 1971 1412; x_wconf 81' lang='lat' dir='ltr'>Ergo</span> <span class='ocrx_word' id='word_1_81' title='bbox 2030 1323 2440 1411; x_wconf 78' lang='lat' dir='ltr'><strong>Hippocratis</strong></span> <span class='ocrx_word' id='word_1_82' title='bbox 2503 1324 2652 1390; x_wconf 87' lang='lat' dir='ltr'>libri</span> <span class='ocrx_word' id='word_1_83' title='bbox 2722 1325 2881 1391; x_wconf 92' lang='lat' dir='ltr'>olim</span> 
     </span>
     <span class='ocr_line' id='line_1_11' title="bbox 500 1429 2882 1517; baseline 0.001 -21"><span class='ocrx_word' id='word_1_84' title='bbox 500 1431 808 1502; x_wconf 78' lang='grc' dir='ltr'><strong><em>Ἀττικοῖς</em></strong></span> <span class='ocrx_word' id='word_1_85' title='bbox 856 1429 1195 1512; x_wconf 85' lang='grc' dir='ltr'><strong><em>γράμμασι</em></strong></span> <span class='ocrx_word' id='word_1_86' title='bbox 1247 1433 1470 1517; x_wconf 86' lang='lat' dir='ltr'>scripti</span> <span class='ocrx_word' id='word_1_87' title='bbox 1515 1433 1774 1496; x_wconf 70' lang='lat' dir='ltr'>suerunt</span> <span class='ocrx_word' id='word_1_88' title='bbox 1821 1437 1885 1496; x_wconf 91' lang='lat' dir='ltr'>et</span> <span class='ocrx_word' id='word_1_89' title='bbox 1926 1437 2144 1516; x_wconf 80' lang='lat' dir='ltr'>postea</span> <span class='ocrx_word' id='word_1_90' title='bbox 2181 1438 2256 1496; x_wconf 88' lang='lat' dir='ltr'>ut</span> <span class='ocrx_word' id='word_1_91' title='bbox 2290 1429 2561 1496; x_wconf 82' lang='lat' dir='ltr'>Homeri</span> <span class='ocrx_word' id='word_1_92' title='bbox 2599 1435 2882 1498; x_wconf 73' lang='lat' dir='ltr'>carmina</span> 
     </span>
     <span class='ocr_line' id='line_1_12' title="bbox 495 1537 2879 1619; baseline 0 -16"><span class='ocrx_word' id='word_1_93' title='bbox 495 1538 1237 1619; x_wconf 84' lang='grc' dir='ltr'><strong><em>μετεχαρακτηρίσθησαν</em></strong></span> <span class='ocrx_word' id='word_1_94' title='bbox 1260 1584 1279 1614; x_wconf 85' lang='grc'><em>,</em></span> <span class='ocrx_word' id='word_1_95' title='bbox 1326 1537 1393 1602; x_wconf 87' lang='lat' dir='ltr'>id</span> <span class='ocrx_word' id='word_1_96' title='bbox 1444 1541 1540 1602; x_wconf 85' lang='lat' dir='ltr'>est</span> <span class='ocrx_word' id='word_1_97' title='bbox 1588 1538 1865 1610; x_wconf 79' lang='grc' dir='ltr'><strong><em>Ἰωνικοῖς</em></strong></span> <span class='ocrx_word' id='word_1_98' title='bbox 1914 1537 2287 1618; x_wconf 89' lang='grc' dir='ltr'><strong><em>γράμμασιν</em></strong></span> <span class='ocrx_word' id='word_1_99' title='bbox 2328 1537 2465 1602; x_wconf 80' lang='grc' dir='ltr'><strong><em>άντὶ</em></strong></span> <span class='ocrx_word' id='word_1_100' title='bbox 2507 1545 2624 1604; x_wconf 80' lang='grc' dir='ltr'><strong><em>τῶν</em></strong></span> <span class='ocrx_word' id='word_1_101' title='bbox 2664 1542 2879 1604; x_wconf 82' lang='grc' dir='ltr'><strong><em>Ἀττι·</em></strong></span> 
     </span>
     <span class='ocr_line' id='line_1_13' title="bbox 496 1641 2876 1733; baseline 0 -24"><span class='ocrx_word' id='word_1_102' title='bbox 496 1651 613 1709; x_wconf 83' lang='grc' dir='ltr'><strong><em>κῶν</em></strong></span> <span class='ocrx_word' id='word_1_103' title='bbox 661 1646 903 1709; x_wconf 75' lang='lat' dir='ltr'>exarati</span> <span class='ocrx_word' id='word_1_104' title='bbox 949 1649 1116 1708; x_wconf 88' lang='lat' dir='ltr'>sunt.</span> <span class='ocrx_word' id='word_1_105' title='bbox 1191 1641 1286 1708; x_wconf 86' lang='lat' dir='ltr'><strong><em>Cf.</em></strong></span> <span class='ocrx_word' id='word_1_106' title='bbox 1338 1664 1498 1728; x_wconf 82' lang='lat' dir='ltr'>quae</span> <span class='ocrx_word' id='word_1_107' title='bbox 1546 1646 1919 1728; x_wconf 80' lang='lat' dir='ltr'>scripsimus</span> <span class='ocrx_word' id='word_1_108' title='bbox 1962 1643 2027 1708; x_wconf 92' lang='lat' dir='ltr'><strong><em>in</em></strong></span> <span class='ocrx_word' id='word_1_109' title='bbox 2076 1644 2338 1708; x_wconf 71' lang='lat' dir='ltr'>Miscell.</span> <span class='ocrx_word' id='word_1_110' title='bbox 2387 1645 2535 1710; x_wconf 76' lang='lat' dir='ltr'>Orit.</span> <span class='ocrx_word' id='word_1_111' title='bbox 2569 1666 2718 1733; x_wconf 78' lang='lat' dir='ltr'>pag.</span> <span class='ocrx_word' id='word_1_112' title='bbox 2745 1643 2876 1710; x_wconf 84' lang='lat'><strong><em>289</em></strong></span> 
     </span>
     <span class='ocr_line' id='line_1_14' title="bbox 495 1748 2876 1835; baseline 0.001 -21"><span class='ocrx_word' id='word_1_113' title='bbox 495 1771 630 1835; x_wconf 88' lang='lat' dir='ltr'>sqq.</span> <span class='ocrx_word' id='word_1_114' title='bbox 699 1748 1140 1815; x_wconf 79' lang='lat' dir='ltr'>Memorabilis</span> <span class='ocrx_word' id='word_1_115' title='bbox 1184 1751 1507 1834; x_wconf 85' lang='lat' dir='ltr'>imprimis</span> <span class='ocrx_word' id='word_1_116' title='bbox 1552 1751 1620 1813; x_wconf 92' lang='lat' dir='ltr'><strong><em>in</em></strong></span> <span class='ocrx_word' id='word_1_117' title='bbox 1667 1750 1829 1816; x_wconf 88' lang='lat' dir='ltr'>hanc</span> <span class='ocrx_word' id='word_1_118' title='bbox 1875 1770 2009 1815; x_wconf 90' lang='lat' dir='ltr'><strong><em>rem</em></strong></span> <span class='ocrx_word' id='word_1_119' title='bbox 2051 1751 2236 1814; x_wconf 82' lang='lat' dir='ltr'>locus</span> <span class='ocrx_word' id='word_1_120' title='bbox 2284 1757 2378 1815; x_wconf 87' lang='lat' dir='ltr'>est</span> <span class='ocrx_word' id='word_1_121' title='bbox 2426 1749 2611 1816; x_wconf 81' lang='lat' dir='ltr'>Tem.</span> <span class='ocrx_word' id='word_1_122' title='bbox 2656 1750 2876 1817; x_wconf 87' lang='lat' dir='ltr'><strong>XVII.</strong></span> 
     </span>
     <span class='ocr_line' id='line_1_15' title="bbox 493 1853 2871 1942; baseline 0 -22"><span class='ocrx_word' id='word_1_123' title='bbox 493 1854 557 1920; x_wconf 78' lang='lat'><strong><em>2.</em></strong></span> <span class='ocrx_word' id='word_1_124' title='bbox 622 1876 768 1942; x_wconf 77' lang='lat' dir='ltr'>pag.</span> <span class='ocrx_word' id='word_1_125' title='bbox 839 1854 970 1920; x_wconf 89' lang='lat'><strong><em>110</em></strong></span> <span class='ocrx_word' id='word_1_126' title='bbox 1037 1856 1150 1920; x_wconf 88' lang='lat' dir='ltr'>ubi</span> <span class='ocrx_word' id='word_1_127' title='bbox 1213 1855 1382 1940; x_wconf 79' lang='lat' dir='ltr'>apud</span> <span class='ocrx_word' id='word_1_128' title='bbox 1438 1853 1899 1940; x_wconf 80' lang='lat' dir='ltr'>Hippocratem</span> <span class='ocrx_word' id='word_1_129' title='bbox 1961 1855 2239 1942; x_wconf 83' lang='lat' dir='ltr'>legitur:</span> <span class='ocrx_word' id='word_1_130' title='bbox 2303 1861 2526 1936; x_wconf 75' lang='grc' dir='ltr'><strong><em>σκῆψις</em></strong></span> <span class='ocrx_word' id='word_1_131' title='bbox 2594 1856 2708 1934; x_wconf 81' lang='grc' dir='ltr'><strong><em>μὲν</em></strong></span> <span class='ocrx_word' id='word_1_132' title='bbox 2770 1857 2871 1939; x_wconf 81' lang='grc' dir='ltr'><strong><em>ἐφ’</em></strong></span> 
     </span>
     <span class='ocr_line' id='line_1_16' title="bbox 493 1954 2943 2048; baseline 0.002 -23"><span class='ocrx_word' id='word_1_133' title='bbox 493 1954 608 2026; x_wconf 80' lang='grc' dir='ltr'><strong><em>οἶσι</em></strong></span> <span class='ocrx_word' id='word_1_134' title='bbox 656 1958 952 2039; x_wconf 87' lang='grc' dir='ltr'><strong><em>γινόμενα</em></strong></span> <span class='ocrx_word' id='word_1_135' title='bbox 999 1962 1208 2042; x_wconf 83' lang='grc' dir='ltr'><strong><em>ρύεται</em></strong></span> <span class='ocrx_word' id='word_1_136' title='bbox 1251 1960 1481 2026; x_wconf 84' lang='grc' dir='ltr'><strong><em>τούτων</em></strong></span> <span class='ocrx_word' id='word_1_137' title='bbox 1521 1962 1941 2041; x_wconf 76' lang='grc' dir='ltr'><strong><em>προγενόμενα</em></strong></span> <span class='ocrx_word' id='word_1_138' title='bbox 1983 1962 2240 2040; x_wconf 79' lang='grc' dir='ltr'><strong><em>κωλύει,</em></strong></span> <span class='ocrx_word' id='word_1_139' title='bbox 2282 1983 2443 2048; x_wconf 72' lang='lat' dir='ltr'>quoe</span> <span class='ocrx_word' id='word_1_140' title='bbox 2481 1963 2675 2029; x_wconf 77' lang='lat' dir='ltr'>verba</span> <span class='ocrx_word' id='word_1_141' title='bbox 2698 1967 2876 2030; x_wconf 91' lang='lat' dir='ltr'>omni</span> <span class='ocrx_word' id='word_1_142' title='bbox 2938 1979 2943 1985; x_wconf 84' lang='grc'><strong>’</strong></span> 
     </span>
     <span class='ocr_line' id='line_1_17' title="bbox 490 2066 2875 2154; baseline 0.002 -22"><span class='ocrx_word' id='word_1_143' title='bbox 490 2087 680 2132; x_wconf 85' lang='lat' dir='ltr'>sensu</span> <span class='ocrx_word' id='word_1_144' title='bbox 737 2087 913 2132; x_wconf 74' lang='lat' dir='ltr'>cassa</span> <span class='ocrx_word' id='word_1_145' title='bbox 968 2087 1170 2152; x_wconf 88' lang='lat' dir='ltr'>neque</span> <span class='ocrx_word' id='word_1_146' title='bbox 1227 2066 1546 2132; x_wconf 79' lang='lat' dir='ltr'>intellexit</span> <span class='ocrx_word' id='word_1_147' title='bbox 1591 2088 1902 2152; x_wconf 78' lang='lat' dir='ltr'>umquam</span> <span class='ocrx_word' id='word_1_148' title='bbox 1952 2070 2289 2154; x_wconf 76' lang='lat' dir='ltr'>quisquam</span> <span class='ocrx_word' id='word_1_149' title='bbox 2336 2089 2540 2154; x_wconf 87' lang='lat' dir='ltr'>neque</span> <span class='ocrx_word' id='word_1_150' title='bbox 2585 2068 2875 2136; x_wconf 85' lang='lat' dir='ltr'>intellec-</span> 
     </span>
     <span class='ocr_line' id='line_1_18' title="bbox 490 2163 2875 2262; baseline 0.003 -26"><span class='ocrx_word' id='word_1_151' title='bbox 490 2177 676 2237; x_wconf 80' lang='lat' dir='ltr'>turus</span> <span class='ocrx_word' id='word_1_152' title='bbox 717 2179 830 2238; x_wconf 88' lang='lat' dir='ltr'>est.</span> <span class='ocrx_word' id='word_1_153' title='bbox 882 2163 1178 2240; x_wconf 81' lang='lat' dir='ltr'>Ridicule</span> <span class='ocrx_word' id='word_1_154' title='bbox 1225 2176 1570 2260; x_wconf 81' lang='lat' dir='ltr'>interpres:</span> <span class='ocrx_word' id='word_1_155' title='bbox 1626 2175 1975 2252; x_wconf 73' lang='lat' dir='ltr'>„decubitue</span> <span class='ocrx_word' id='word_1_156' title='bbox 2018 2175 2249 2259; x_wconf 79' lang='lat' dir='ltr'>quidem</span> <span class='ocrx_word' id='word_1_157' title='bbox 2264 2221 2281 2252; x_wconf 87' lang='lat'><em>,</em></span> <span class='ocrx_word' id='word_1_158' title='bbox 2332 2175 2399 2239; x_wconf 79' lang='lat' dir='ltr'>in</span> <span class='ocrx_word' id='word_1_159' title='bbox 2446 2175 2657 2255; x_wconf 59' lang='lat' dir='ltr'><strong><em>quibus</em></strong></span> <span class='ocrx_word' id='word_1_160' title='bbox 2692 2178 2875 2262; x_wconf 78' lang='lat' dir='ltr'>facta</span> 
     </span>
     <span class='ocr_line' id='line_1_19' title="bbox 489 2279 2875 2367; baseline 0.002 -23"><span class='ocrx_word' id='word_1_161' title='bbox 489 2279 650 2344; x_wconf 75' lang='lat' dir='ltr'>tolbit</span> <span class='ocrx_word' id='word_1_162' title='bbox 668 2326 685 2355; x_wconf 87' lang='lat'><strong>,</strong></span> <span class='ocrx_word' id='word_1_163' title='bbox 749 2281 896 2343; x_wconf 78' lang='lat' dir='ltr'><strong><em>haec</em></strong></span> <span class='ocrx_word' id='word_1_164' title='bbox 953 2286 1092 2344; x_wconf 77' lang='lat' dir='ltr'>ante</span> <span class='ocrx_word' id='word_1_165' title='bbox 1134 2281 1317 2366; x_wconf 80' lang='lat' dir='ltr'>facta</span> <span class='ocrx_word' id='word_1_166' title='bbox 1372 2281 1674 2363; x_wconf 72' lang='lat' dir='ltr'>prohibet²&#39;</span> <span class='ocrx_word' id='word_1_167' title='bbox 1734 2279 2099 2366; x_wconf 81' lang='grc' dir='ltr'><strong><em>μανθάνεις;</em></strong></span> <span class='ocrx_word' id='word_1_168' title='bbox 2162 2301 2281 2346; x_wconf 89' lang='lat' dir='ltr'><strong><em>non</em></strong></span> <span class='ocrx_word' id='word_1_169' title='bbox 2344 2283 2583 2366; x_wconf 89' lang='lat' dir='ltr'>opinor.</span> <span class='ocrx_word' id='word_1_170' title='bbox 2654 2280 2875 2367; x_wconf 72' lang='lat' dir='ltr'>Itaque</span> 
     </span>
     <span class='ocr_line' id='line_1_20' title="bbox 490 2379 2873 2474; baseline 0.001 -24"><span class='ocrx_word' id='word_1_171' title='bbox 490 2379 774 2450; x_wconf 77' lang='lat' dir='ltr'>Galenus</span> <span class='ocrx_word' id='word_1_172' title='bbox 836 2384 1063 2450; x_wconf 84' lang='lat' dir='ltr'>infelix</span> <span class='ocrx_word' id='word_1_173' title='bbox 1127 2392 1436 2451; x_wconf 89' lang='lat' dir='ltr'>corrector</span> <span class='ocrx_word' id='word_1_174' title='bbox 1497 2387 1578 2452; x_wconf 80' lang='lat' dir='ltr'><strong><em>ad</em></strong></span> <span class='ocrx_word' id='word_1_175' title='bbox 1640 2385 2107 2452; x_wconf 82' lang='lat' dir='ltr'>emendandum</span> <span class='ocrx_word' id='word_1_176' title='bbox 2166 2407 2233 2451; x_wconf 88' lang='lat' dir='ltr'><strong><em>se</em></strong></span> <span class='ocrx_word' id='word_1_177' title='bbox 2294 2389 2573 2474; x_wconf 77' lang='lat' dir='ltr'>accingit</span> <span class='ocrx_word' id='word_1_178' title='bbox 2636 2393 2701 2452; x_wconf 88' lang='lat' dir='ltr'>et</span> <span class='ocrx_word' id='word_1_179' title='bbox 2759 2407 2873 2473; x_wconf 90' lang='lat' dir='ltr'><strong><em>pro</em></strong></span> 
     </span>
     <span class='ocr_line' id='line_1_21' title="bbox 488 2491 2872 2578; baseline 0.002 -24"><span class='ocrx_word' id='word_1_180' title='bbox 488 2497 736 2572; x_wconf 81' lang='grc' dir='ltr'><strong><em>σκΗψις</em></strong></span> <span class='ocrx_word' id='word_1_181' title='bbox 785 2493 1035 2576; x_wconf 77' lang='lat' dir='ltr'>reponit</span> <span class='ocrx_word' id='word_1_182' title='bbox 1079 2496 1324 2570; x_wconf 72' lang='grc' dir='ltr'><strong><em>σκθψις</em></strong></span> <span class='ocrx_word' id='word_1_183' title='bbox 1375 2497 1439 2556; x_wconf 83' lang='lat' dir='ltr'>et</span> <span class='ocrx_word' id='word_1_184' title='bbox 1485 2494 1578 2557; x_wconf 73' lang='lat' dir='ltr'>ita</span> <span class='ocrx_word' id='word_1_185' title='bbox 1621 2493 1837 2578; x_wconf 82' lang='lat' dir='ltr'>pergit</span> <span class='ocrx_word' id='word_1_186' title='bbox 1886 2491 2123 2556; x_wconf 83' lang='lat' dir='ltr'>dicere:</span> <span class='ocrx_word' id='word_1_187' title='bbox 2175 2491 2539 2573; x_wconf 82' lang='grc' dir='ltr'><strong><em>γραφόντων</em></strong></span> <span class='ocrx_word' id='word_1_188' title='bbox 2586 2494 2712 2573; x_wconf 72' lang='grc' dir='ltr'><strong><em>γάρ</em></strong></span> <span class='ocrx_word' id='word_1_189' title='bbox 2754 2498 2872 2558; x_wconf 83' lang='grc' dir='ltr'><strong><em>τῶν</em></strong></span> 
     </span>
     <span class='ocr_line' id='line_1_22' title="bbox 487 2595 2871 2681; baseline 0.002 -20"><span class='ocrx_word' id='word_1_190' title='bbox 487 2602 772 2662; x_wconf 74' lang='grc' dir='ltr'><strong><em>παλαιῶν</em></strong></span> <span class='ocrx_word' id='word_1_191' title='bbox 818 2596 922 2661; x_wconf 86' lang='grc' dir='ltr'><strong><em>τόν</em></strong></span> <span class='ocrx_word' id='word_1_192' title='bbox 972 2621 1043 2661; x_wconf 84' lang='grc' dir='ltr'><strong><em>τε</em></strong></span> <span class='ocrx_word' id='word_1_193' title='bbox 1088 2600 1198 2662; x_wconf 80' lang='grc' dir='ltr'><strong><em>τοῦ</em></strong></span> <span class='ocrx_word' id='word_1_194' title='bbox 1251 2607 1304 2662; x_wconf 89' lang='grc' dir='ltr'>Η</span> <span class='ocrx_word' id='word_1_195' title='bbox 1354 2595 1638 2678; x_wconf 91' lang='grc' dir='ltr'><strong><em>φθόγγον</em></strong></span> <span class='ocrx_word' id='word_1_196' title='bbox 1684 2598 1791 2661; x_wconf 85' lang='grc' dir='ltr'><strong><em>καὶ</em></strong></span> <span class='ocrx_word' id='word_1_197' title='bbox 1841 2597 1943 2663; x_wconf 79' lang='grc' dir='ltr'><strong><em>τὸν</em></strong></span> <span class='ocrx_word' id='word_1_198' title='bbox 1993 2600 2097 2661; x_wconf 81' lang='grc' dir='ltr'><strong><em>τοῦ</em></strong></span> <span class='ocrx_word' id='word_1_199' title='bbox 2150 2605 2200 2661; x_wconf 79' lang='grc' dir='ltr'>Ε</span> <span class='ocrx_word' id='word_1_200' title='bbox 2239 2596 2312 2664; x_wconf 76' lang='grc' dir='ltr'><strong><em>δι’</em></strong></span> <span class='ocrx_word' id='word_1_201' title='bbox 2363 2597 2486 2670; x_wconf 80' lang='grc' dir='ltr'><strong><em>ἑνὸς</em></strong></span> <span class='ocrx_word' id='word_1_202' title='bbox 2534 2608 2871 2681; x_wconf 76' lang='grc' dir='ltr'><strong><em>χαρακτῆ-</em></strong></span> 
     </span>
     <span class='ocr_line' id='line_1_23' title="bbox 487 2695 2868 2795; baseline 0.004 -30"><span class='ocrx_word' id='word_1_203' title='bbox 487 2725 615 2781; x_wconf 87' lang='grc' dir='ltr'><strong><em>ρος,</em></strong></span> <span class='ocrx_word' id='word_1_204' title='bbox 676 2695 738 2773; x_wconf 80' lang='grc' dir='ltr'><strong><em>ὃς</em></strong></span> <span class='ocrx_word' id='word_1_205' title='bbox 800 2705 899 2767; x_wconf 81' lang='grc' dir='ltr'><strong><em>νῦν</em></strong></span> <span class='ocrx_word' id='word_1_206' title='bbox 965 2702 1141 2779; x_wconf 85' lang='grc' dir='ltr'><strong><em>μόνος</em></strong></span> <span class='ocrx_word' id='word_1_207' title='bbox 1209 2703 1494 2781; x_wconf 73' lang='grc' dir='ltr'><strong><em>σημαίνει</em></strong></span> <span class='ocrx_word' id='word_1_208' title='bbox 1555 2701 1656 2766; x_wconf 76' lang='grc' dir='ltr'><strong><em>τὸν</em></strong></span> <span class='ocrx_word' id='word_1_209' title='bbox 1726 2700 1923 2782; x_wconf 76' lang='grc' dir='ltr'><strong><em>ἕτερον</em></strong></span> <span class='ocrx_word' id='word_1_210' title='bbox 1985 2701 2269 2784; x_wconf 89' lang='grc' dir='ltr'><strong><em>φθόγγον</em></strong></span> <span class='ocrx_word' id='word_1_211' title='bbox 2313 2703 2417 2768; x_wconf 81' lang='grc' dir='ltr'><strong><em>τὸν</em></strong></span> <span class='ocrx_word' id='word_1_212' title='bbox 2464 2713 2519 2769; x_wconf 89' lang='grc' dir='ltr'>Η</span> <span class='ocrx_word' id='word_1_213' title='bbox 2569 2704 2739 2794; x_wconf 81' lang='lat' dir='ltr'>(lege</span> <span class='ocrx_word' id='word_1_214' title='bbox 2792 2708 2868 2795; x_wconf 77' lang='grc'><strong><em>6)</em></strong></span> 
     </span>
     <span class='ocr_line' id='line_1_24' title="bbox 485 2807 2867 2899; baseline 0.004 -29"><span class='ocrx_word' id='word_1_215' title='bbox 485 2807 700 2873; x_wconf 73' lang='grc' dir='ltr'><strong><em>πολλὰ</em></strong></span> <span class='ocrx_word' id='word_1_216' title='bbox 759 2808 1014 2887; x_wconf 87' lang='grc' dir='ltr'><strong><em>γέγονεν</em></strong></span> <span class='ocrx_word' id='word_1_217' title='bbox 1078 2808 1518 2889; x_wconf 70' lang='grc' dir='ltr'><strong><em>ἁμαρτήματα</em></strong></span> <span class='ocrx_word' id='word_1_218' title='bbox 1581 2815 1698 2873; x_wconf 81' lang='grc' dir='ltr'><strong><em>τῶν</em></strong></span> <span class='ocrx_word' id='word_1_219' title='bbox 1761 2809 2249 2892; x_wconf 78' lang='grc' dir='ltr'><strong><em>ἐγγραφομένων</em></strong></span> <span class='ocrx_word' id='word_1_220' title='bbox 2308 2808 2476 2898; x_wconf 82' lang='lat' dir='ltr'>(lege</span> <span class='ocrx_word' id='word_1_221' title='bbox 2538 2812 2751 2899; x_wconf 83' lang='grc' dir='ltr'><strong><em>έΚγρ.)</em></strong></span> <span class='ocrx_word' id='word_1_222' title='bbox 2800 2816 2867 2879; x_wconf 80' lang='grc' dir='ltr'><strong><em>οὐ</em></strong></span> 
     </span>
     <span class='ocr_line' id='line_1_25' title="bbox 485 2912 2867 2998; baseline 0.003 -21"><span class='ocrx_word' id='word_1_223' title='bbox 485 2913 659 2978; x_wconf 67' lang='grc' dir='ltr'><strong><em>κατὰ</em></strong></span> <span class='ocrx_word' id='word_1_224' title='bbox 721 2918 831 2989; x_wconf 72' lang='grc' dir='ltr'><strong><em>τὴν</em></strong></span> <span class='ocrx_word' id='word_1_225' title='bbox 878 2912 1126 2993; x_wconf 75' lang='grc' dir='ltr'><strong><em>γνώμην</em></strong></span> <span class='ocrx_word' id='word_1_226' title='bbox 1176 2922 1290 2981; x_wconf 82' lang='grc' dir='ltr'><strong><em>τῶν</em></strong></span> <span class='ocrx_word' id='word_1_227' title='bbox 1340 2914 1720 2996; x_wconf 71' lang='grc' dir='ltr'><strong><em>γραψάντων</em></strong></span> <span class='ocrx_word' id='word_1_228' title='bbox 1769 2917 1877 2990; x_wconf 71' lang='grc' dir='ltr'><strong><em>την</em></strong></span> <span class='ocrx_word' id='word_1_229' title='bbox 1926 2915 2259 2994; x_wconf 72' lang='grc' dir='ltr'><strong><em>μετάθεσιν</em></strong></span> <span class='ocrx_word' id='word_1_230' title='bbox 2303 2922 2421 2981; x_wconf 84' lang='grc' dir='ltr'><strong><em>τῶν</em></strong></span> <span class='ocrx_word' id='word_1_231' title='bbox 2469 2918 2867 2998; x_wconf 85' lang='grc' dir='ltr'><strong><em>γραμμάτων</em></strong></span> 
     </span>
     <span class='ocr_line' id='line_1_26' title="bbox 485 3020 2869 3106; baseline 0.002 -21"><span class='ocrx_word' id='word_1_232' title='bbox 485 3020 930 3099; x_wconf 76' lang='grc' dir='ltr'><strong><em>ποιησαμένων.</em></strong></span> <span class='ocrx_word' id='word_1_233' title='bbox 1005 3026 1118 3087; x_wconf 85' lang='grc' dir='ltr'><strong><em>Διὸ</em></strong></span> <span class='ocrx_word' id='word_1_234' title='bbox 1167 3023 1272 3087; x_wconf 74' lang='grc' dir='ltr'><strong><em>καὶ</em></strong></span> <span class='ocrx_word' id='word_1_235' title='bbox 1323 3022 1646 3103; x_wconf 85' lang='grc' dir='ltr'><strong><em>προσέχειν</em></strong></span> <span class='ocrx_word' id='word_1_236' title='bbox 1694 3024 1962 3102; x_wconf 81' lang='grc' dir='ltr'><strong><em>άκριβῶς</em></strong></span> <span class='ocrx_word' id='word_1_237' title='bbox 2010 3024 2134 3105; x_wconf 63' lang='grc' dir='ltr'><strong><em>χρὴ</em></strong></span> <span class='ocrx_word' id='word_1_238' title='bbox 2174 3030 2312 3093; x_wconf 79' lang='grc' dir='ltr'><strong><em>ταῖς</em></strong></span> <span class='ocrx_word' id='word_1_239' title='bbox 2354 3022 2671 3096; x_wconf 84' lang='grc' dir='ltr'><strong><em>τοιαύταις</em></strong></span> <span class='ocrx_word' id='word_1_240' title='bbox 2712 3048 2869 3106; x_wconf 87' lang='grc' dir='ltr'><strong><em>γρα-</em></strong></span> 
     </span>
     <span class='ocr_line' id='line_1_27' title="bbox 485 3122 2867 3209; baseline 0.003 -20"><span class='ocrx_word' id='word_1_241' title='bbox 485 3132 644 3208; x_wconf 80' lang='grc' dir='ltr'><strong><em>φαῖς</em></strong></span> <span class='ocrx_word' id='word_1_242' title='bbox 693 3128 754 3189; x_wconf 85' lang='grc' dir='ltr'><strong><em>ἐν</em></strong></span> <span class='ocrx_word' id='word_1_243' title='bbox 803 3122 902 3197; x_wconf 75' lang='grc' dir='ltr'><strong><em>αἶς</em></strong></span> <span class='ocrx_word' id='word_1_244' title='bbox 951 3126 1208 3192; x_wconf 78' lang='grc' dir='ltr'><strong><em>δυνατόν</em></strong></span> <span class='ocrx_word' id='word_1_245' title='bbox 1257 3128 1348 3195; x_wconf 80' lang='grc' dir='ltr'><strong><em>έςι</em></strong></span> <span class='ocrx_word' id='word_1_246' title='bbox 1396 3128 1497 3192; x_wconf 84' lang='grc' dir='ltr'><strong><em>τὸν</em></strong></span> <span class='ocrx_word' id='word_1_247' title='bbox 1547 3131 1653 3192; x_wconf 85' lang='grc' dir='ltr'><strong><em>τοῦ</em></strong></span> <span class='ocrx_word' id='word_1_248' title='bbox 1703 3136 1759 3192; x_wconf 88' lang='grc' dir='ltr'>Η</span> <span class='ocrx_word' id='word_1_249' title='bbox 1810 3127 2093 3209; x_wconf 90' lang='grc' dir='ltr'><strong><em>φθόγγον</em></strong></span> <span class='ocrx_word' id='word_1_250' title='bbox 2140 3129 2226 3200; x_wconf 78' lang='grc' dir='ltr'><strong><em>εἷς</em></strong></span> <span class='ocrx_word' id='word_1_251' title='bbox 2268 3131 2371 3194; x_wconf 80' lang='grc' dir='ltr'><strong><em>τὸν</em></strong></span> <span class='ocrx_word' id='word_1_252' title='bbox 2417 3133 2523 3194; x_wconf 82' lang='grc' dir='ltr'><strong><em>τοῦ</em></strong></span> <span class='ocrx_word' id='word_1_253' title='bbox 2576 3138 2624 3197; x_wconf 79' lang='grc' dir='ltr'>Ε</span> <span class='ocrx_word' id='word_1_254' title='bbox 2667 3155 2867 3209; x_wconf 82' lang='grc' dir='ltr'><strong><em>μετα·</em></strong></span> 
     </span>
     <span class='ocr_line' id='line_1_28' title="bbox 487 3231 2868 3317; baseline 0.004 -22"><span class='ocrx_word' id='word_1_255' title='bbox 487 3232 699 3304; x_wconf 84' lang='grc' dir='ltr'><strong><em>θέντας</em></strong></span> <span class='ocrx_word' id='word_1_256' title='bbox 737 3232 772 3309; x_wconf 74' lang='grc' dir='ltr'>ἢ</span> <span class='ocrx_word' id='word_1_257' title='bbox 814 3231 1168 3310; x_wconf 78' lang='grc' dir='ltr'><strong><em>τοῦμπαλιν</em></strong></span> <span class='ocrx_word' id='word_1_258' title='bbox 1208 3232 1588 3315; x_wconf 84' lang='grc' dir='ltr'><strong><em>γράψαντας</em></strong></span> <span class='ocrx_word' id='word_1_259' title='bbox 1626 3235 2154 3314; x_wconf 76' lang='grc' dir='ltr'><strong><em>ἐπανορθώσασθαι</em></strong></span> <span class='ocrx_word' id='word_1_260' title='bbox 2195 3236 2304 3309; x_wconf 67' lang='grc' dir='ltr'><strong><em>τὴν</em></strong></span> <span class='ocrx_word' id='word_1_261' title='bbox 2333 3236 2623 3317; x_wconf 78' lang='grc' dir='ltr'><strong><em>γραφήν·</em></strong></span> <span class='ocrx_word' id='word_1_262' title='bbox 2652 3236 2868 3315; x_wconf 77' lang='grc' dir='ltr'><strong><em>ὁμοίως</em></strong></span> 
     </span>
     <span class='ocr_line' id='line_1_29' title="bbox 487 3338 2867 3425; baseline 0.003 -22"><span class='ocrx_word' id='word_1_263' title='bbox 487 3338 548 3403; x_wconf 71' lang='grc' dir='ltr'><strong><em>δὲ</em></strong></span> <span class='ocrx_word' id='word_1_264' title='bbox 611 3339 765 3404; x_wconf 74' lang='grc' dir='ltr'><strong><em>κάπὶ</em></strong></span> <span class='ocrx_word' id='word_1_265' title='bbox 830 3343 936 3407; x_wconf 80' lang='grc' dir='ltr'><strong><em>τοῦ</em></strong></span> <span class='ocrx_word' id='word_1_266' title='bbox 1002 3349 1055 3404; x_wconf 94' lang='grc' dir='ltr'>Ο</span> <span class='ocrx_word' id='word_1_267' title='bbox 1115 3339 1219 3404; x_wconf 77' lang='grc' dir='ltr'><strong><em>καὶ</em></strong></span> <span class='ocrx_word' id='word_1_268' title='bbox 1271 3348 1342 3403; x_wconf 86' lang='grc' dir='ltr'>Ω</span> <span class='ocrx_word' id='word_1_269' title='bbox 1392 3338 1666 3414; x_wconf 86' lang='grc' dir='ltr'><strong><em>ποιητέον</em></strong></span> <span class='ocrx_word' id='word_1_270' title='bbox 1717 3340 1923 3415; x_wconf 79' lang='grc' dir='ltr'><strong><em>ἐπειδη</em></strong></span> <span class='ocrx_word' id='word_1_271' title='bbox 1972 3340 2079 3406; x_wconf 76' lang='grc' dir='ltr'><strong><em>καὶ</em></strong></span> <span class='ocrx_word' id='word_1_272' title='bbox 2128 3340 2354 3407; x_wconf 82' lang='grc' dir='ltr'><strong><em>τούτων</em></strong></span> <span class='ocrx_word' id='word_1_273' title='bbox 2400 3343 2771 3425; x_wconf 84' lang='grc' dir='ltr'><strong><em>άμφοτέρων</em></strong></span> <span class='ocrx_word' id='word_1_274' title='bbox 2815 3345 2867 3409; x_wconf 74' lang='grc' dir='ltr'><strong><em>οἱ</em></strong></span> 
     </span>
     <span class='ocr_line' id='line_1_30' title="bbox 487 3444 1912 3528; baseline 0.001 -18"><span class='ocrx_word' id='word_1_275' title='bbox 487 3447 756 3528; x_wconf 89' lang='grc' dir='ltr'><strong><em>φθόγγοι</em></strong></span> <span class='ocrx_word' id='word_1_276' title='bbox 805 3446 880 3511; x_wconf 75' lang='grc' dir='ltr'><strong><em>δι’</em></strong></span> <span class='ocrx_word' id='word_1_277' title='bbox 927 3446 1050 3520; x_wconf 79' lang='grc' dir='ltr'><strong><em>ἐνὸς</em></strong></span> <span class='ocrx_word' id='word_1_278' title='bbox 1097 3454 1492 3526; x_wconf 78' lang='grc' dir='ltr'><strong><em>χαρακτῆρος</em></strong></span> <span class='ocrx_word' id='word_1_279' title='bbox 1541 3444 1912 3528; x_wconf 77' lang='grc' dir='ltr'><strong><em>ἐγράφοντο.</em></strong></span> 
     </span>
    </p>
   </div>
   <div class='ocr_carea' id='block_1_3' title="bbox 481 3656 2868 4491">
    <p class='ocr_par' dir='ltr' id='par_1_3' title="bbox 482 3656 2868 4165">
     <span class='ocr_line' id='line_1_31' title="bbox 576 3656 2867 3746; baseline 0.001 -21"><span class='ocrx_word' id='word_1_280' title='bbox 576 3658 762 3725; x_wconf 79' lang='lat' dir='ltr'>Tom.</span> <span class='ocrx_word' id='word_1_281' title='bbox 811 3657 1014 3723; x_wconf 87' lang='lat' dir='ltr'>XVII.</span> <span class='ocrx_word' id='word_1_282' title='bbox 1068 3659 1128 3724; x_wconf 88' lang='grc'><strong><em>1.</em></strong></span> <span class='ocrx_word' id='word_1_283' title='bbox 1176 3680 1325 3746; x_wconf 81' lang='lat' dir='ltr'>pag.</span> <span class='ocrx_word' id='word_1_284' title='bbox 1379 3657 1547 3727; x_wconf 80' lang='lat'>197:</span> <span class='ocrx_word' id='word_1_285' title='bbox 1595 3659 1769 3741; x_wconf 71' lang='grc' dir='ltr'><strong><em>παρὰ</em></strong></span> <span class='ocrx_word' id='word_1_286' title='bbox 1818 3660 1887 3725; x_wconf 83' lang='grc' dir='ltr'><strong><em>τὸ</em></strong></span> <span class='ocrx_word' id='word_1_287' title='bbox 1936 3658 2198 3741; x_wconf 83' lang='grc' dir='ltr'><strong><em>θέατρον.</em></strong></span> <span class='ocrx_word' id='word_1_288' title='bbox 2248 3656 2565 3743; x_wconf 86' lang='grc' dir='ltr'><strong><em>γράφουσί</em></strong></span> <span class='ocrx_word' id='word_1_289' title='bbox 2602 3682 2760 3726; x_wconf 76' lang='grc' dir='ltr'><strong><em>τινες</em></strong></span> <span class='ocrx_word' id='word_1_290' title='bbox 2799 3662 2867 3727; x_wconf 83' lang='grc' dir='ltr'><strong><em>οὐ</em></strong></span> 
     </span>
     <span class='ocr_line' id='line_1_32' title="bbox 486 3760 2864 3850; baseline 0 -20"><span class='ocrx_word' id='word_1_291' title='bbox 486 3764 731 3845; x_wconf 88' lang='grc' dir='ltr'><strong><em>θέατρον</em></strong></span> <span class='ocrx_word' id='word_1_292' title='bbox 777 3764 954 3829; x_wconf 81' lang='grc' dir='ltr'><strong><em>άλλά</em></strong></span> <span class='ocrx_word' id='word_1_293' title='bbox 1001 3762 1290 3850; x_wconf 82' lang='grc' dir='ltr'><strong><em>θέρεθρον,</em></strong></span> <span class='ocrx_word' id='word_1_294' title='bbox 1340 3760 1413 3829; x_wconf 75' lang='grc' dir='ltr'><strong><em>ἵν’</em></strong></span> <span class='ocrx_word' id='word_1_295' title='bbox 1458 3764 1679 3846; x_wconf 80' lang='grc' dir='ltr'><strong><em>ἔχωσιν</em></strong></span> <span class='ocrx_word' id='word_1_296' title='bbox 1727 3765 2081 3844; x_wconf 78' lang='grc' dir='ltr'><strong><em>ἐξηγεῖσθαι</em></strong></span> <span class='ocrx_word' id='word_1_297' title='bbox 2126 3766 2345 3845; x_wconf 89' lang='grc' dir='ltr'><strong><em>χωρίον</em></strong></span> <span class='ocrx_word' id='word_1_298' title='bbox 2391 3790 2449 3829; x_wconf 85' lang='grc' dir='ltr'><strong><em>τι</em></strong></span> <span class='ocrx_word' id='word_1_299' title='bbox 2492 3760 2647 3830; x_wconf 80' lang='grc' dir='ltr'><strong><em>εἶναι</em></strong></span> <span class='ocrx_word' id='word_1_300' title='bbox 2689 3766 2864 3847; x_wconf 74' lang='grc' dir='ltr'><strong><em>παρὰ</em></strong></span> 
     </span>
     <span class='ocr_line' id='line_1_33' title="bbox 483 3869 2868 3959; baseline 0.001 -23"><span class='ocrx_word' id='word_1_301' title='bbox 483 3871 553 3937; x_wconf 79' lang='grc' dir='ltr'><strong><em>τὸ</em></strong></span> <span class='ocrx_word' id='word_1_302' title='bbox 620 3869 886 3951; x_wconf 79' lang='grc' dir='ltr'><strong><em>θέρεσθαι</em></strong></span> <span class='ocrx_word' id='word_1_303' title='bbox 953 3870 1326 3959; x_wconf 81' lang='grc' dir='ltr'><strong><em>κεκλημένον</em></strong></span> <span class='ocrx_word' id='word_1_304' title='bbox 1391 3870 1596 3941; x_wconf 72' lang='grc' dir='ltr'><strong><em>οὕτως.</em></strong></span> <span class='ocrx_word' id='word_1_305' title='bbox 1687 3871 1858 3938; x_wconf 90' lang='lat' dir='ltr'>Hinc</span> <span class='ocrx_word' id='word_1_306' title='bbox 1916 3878 2207 3949; x_wconf 78' lang='lat' dir='ltr'>sumtum</span> <span class='ocrx_word' id='word_1_307' title='bbox 2272 3872 2438 3958; x_wconf 90' lang='lat' dir='ltr'>quod</span> <span class='ocrx_word' id='word_1_308' title='bbox 2500 3871 2743 3959; x_wconf 83' lang='lat' dir='ltr'>legitur</span> <span class='ocrx_word' id='word_1_309' title='bbox 2796 3874 2868 3939; x_wconf 87' lang='lat' dir='ltr'><strong><em>in</em></strong></span> 
     </span>
     <span class='ocr_line' id='line_1_34' title="bbox 484 3974 2861 4064; baseline 0.002 -19"><span class='ocrx_word' id='word_1_310' title='bbox 484 3974 715 4045; x_wconf 69' lang='lat' dir='ltr'>Geloni</span> <span class='ocrx_word' id='word_1_311' title='bbox 777 3976 1042 4064; x_wconf 84' lang='lat' dir='ltr'>glossis:</span> <span class='ocrx_word' id='word_1_312' title='bbox 1120 3977 1436 4058; x_wconf 77' lang='grc' dir='ltr'><strong><em>Θέρετρονε</em></strong></span> <span class='ocrx_word' id='word_1_313' title='bbox 1509 3979 1693 4052; x_wconf 85' lang='grc' dir='ltr'><strong><em>τόπος</em></strong></span> <span class='ocrx_word' id='word_1_314' title='bbox 1766 3979 2165 4059; x_wconf 74' lang='grc' dir='ltr'><strong><em>ἐνδιατρίβειν</em></strong></span> <span class='ocrx_word' id='word_1_315' title='bbox 2236 3977 2430 4060; x_wconf 86' lang='grc' dir='ltr'><strong><em>θέρους</em></strong></span> <span class='ocrx_word' id='word_1_316' title='bbox 2503 3978 2861 4057; x_wconf 72' lang='grc' dir='ltr'><strong><em>ἐπιτήδειος.</em></strong></span> 
     </span>
     <span class='ocr_line' id='line_1_35' title="bbox 482 4080 1419 4165; baseline 0.001 -18"><span class='ocrx_word' id='word_1_317' title='bbox 482 4080 616 4147; x_wconf 73' lang='grc' dir='ltr'><strong><em>ἔνιοι</em></strong></span> <span class='ocrx_word' id='word_1_318' title='bbox 665 4081 726 4147; x_wconf 74' lang='grc' dir='ltr'><strong><em>δὲ</em></strong></span> <span class='ocrx_word' id='word_1_319' title='bbox 777 4080 1005 4165; x_wconf 85' lang='grc' dir='ltr'><strong><em>θέντρον</em></strong></span> <span class='ocrx_word' id='word_1_320' title='bbox 1051 4082 1419 4165; x_wconf 88' lang='grc' dir='ltr'><strong><em>γράφουσιν.</em></strong></span> 
     </span>
    </p>

    <p class='ocr_par' dir='ltr' id='par_1_4' title="bbox 571 4189 2296 4273">
     <span class='ocr_line' id='line_1_36' title="bbox 571 4189 2296 4273; baseline 0 -16"><span class='ocrx_word' id='word_1_321' title='bbox 571 4189 868 4257; x_wconf 72' lang='lat' dir='ltr'>Absurde</span> <span class='ocrx_word' id='word_1_322' title='bbox 911 4190 1223 4257; x_wconf 76' lang='lat' dir='ltr'>vocabula</span> <span class='ocrx_word' id='word_1_323' title='bbox 1267 4197 1418 4257; x_wconf 88' lang='lat' dir='ltr'>sunt</span> <span class='ocrx_word' id='word_1_324' title='bbox 1464 4196 1530 4257; x_wconf 89' lang='lat' dir='ltr'>et</span> <span class='ocrx_word' id='word_1_325' title='bbox 1580 4192 1867 4273; x_wconf 83' lang='grc' dir='ltr'><strong><em>Θέρετρον</em></strong></span> <span class='ocrx_word' id='word_1_326' title='bbox 1912 4198 1977 4257; x_wconf 87' lang='lat' dir='ltr'>et</span> <span class='ocrx_word' id='word_1_327' title='bbox 2025 4192 2296 4273; x_wconf 80' lang='grc' dir='ltr'><strong><em>Θέντρον.</em></strong></span> 
     </span>
    </p>

    <p class='ocr_par' dir='ltr' id='par_1_5' title="bbox 481 4294 2862 4491">
     <span class='ocr_line' id='line_1_37' title="bbox 575 4294 2862 4386; baseline 0.002 -23"><span class='ocrx_word' id='word_1_328' title='bbox 575 4296 862 4376; x_wconf 81' lang='grc' dir='ltr'><strong><em>Θέρετρον</em></strong></span> <span class='ocrx_word' id='word_1_329' title='bbox 921 4302 1018 4362; x_wconf 85' lang='lat' dir='ltr'>est</span> <span class='ocrx_word' id='word_1_330' title='bbox 1079 4300 1264 4363; x_wconf 82' lang='lat' dir='ltr'>vetus</span> <span class='ocrx_word' id='word_1_331' title='bbox 1325 4297 1676 4363; x_wconf 82' lang='lat' dir='ltr'>scribarum</span> <span class='ocrx_word' id='word_1_332' title='bbox 1725 4318 1897 4364; x_wconf 88' lang='lat' dir='ltr'>error</span> <span class='ocrx_word' id='word_1_333' title='bbox 1914 4346 1929 4377; x_wconf 91' lang='lat'><strong>,</strong></span> <span class='ocrx_word' id='word_1_334' title='bbox 1977 4300 2088 4383; x_wconf 91' lang='lat' dir='ltr'>qui</span> <span class='ocrx_word' id='word_1_335' title='bbox 2135 4294 2453 4365; x_wconf 73' lang='lat' dir='ltr'>Galerium</span> <span class='ocrx_word' id='word_1_336' title='bbox 2501 4299 2749 4386; x_wconf 78' lang='lat' dir='ltr'>decepit</span> <span class='ocrx_word' id='word_1_337' title='bbox 2790 4303 2862 4369; x_wconf 88' lang='lat' dir='ltr'><strong><em>in</em></strong></span> 
     </span>
     <span class='ocr_line' id='line_1_38' title="bbox 481 4400 2856 4491; baseline 0.004 -24"><span class='ocrx_word' id='word_1_338' title='bbox 481 4400 720 4468; x_wconf 72' lang='lat' dir='ltr'>talibus</span> <span class='ocrx_word' id='word_1_339' title='bbox 755 4401 1154 4487; x_wconf 86' lang='lat' dir='ltr'>plumbeum.</span> <span class='ocrx_word' id='word_1_340' title='bbox 1205 4404 1491 4485; x_wconf 81' lang='grc' dir='ltr'><strong><em>ΘέΝτρον</em></strong></span> <span class='ocrx_word' id='word_1_341' title='bbox 1529 4410 1628 4470; x_wconf 83' lang='lat' dir='ltr'>est</span> <span class='ocrx_word' id='word_1_342' title='bbox 1662 4405 1905 4471; x_wconf 75' lang='lat' dir='ltr'>scribae</span> <span class='ocrx_word' id='word_1_343' title='bbox 1944 4404 2349 4471; x_wconf 77' lang='lat' dir='ltr'>dormitantis</span> <span class='ocrx_word' id='word_1_344' title='bbox 2388 4426 2501 4491; x_wconf 90' lang='lat' dir='ltr'><strong><em>pro</em></strong></span> <span class='ocrx_word' id='word_1_345' title='bbox 2552 4405 2856 4489; x_wconf 80' lang='grc' dir='ltr'><strong><em>ΘέΗτρον.</em></strong></span> 
     </span>
    </p>
   </div>
  </div>
 </body>
</html>
