3436 5161
1264 371 1539 423 umus
1584 351 1920 423 sosarnus.
2653 356 2788 424 267

402 537 683 604 occidere
742 537 1040 623 debebat,
1106 537 1301 604 donec
1364 540 1669 624 pernicies
1737 541 2122 624 pervenisset
2190 539 2269 604 ad
2343 559 2582 606 omnes.
2635 541 2781 622 Φέρε

403 643 637 722 κλήρῳ,
684 643 815 708 dux
861 646 1107 727 inquit,
1156 645 1272 716 τὰς
1321 645 1613 720 άλλήλων
1661 645 1932 723 σφαγὰς
1981 643 2438 724 ἐπιτρέψωμεν·
2489 647 2516 710 ὃ
2566 647 2785 728 λαχὼν

404 747 467 813 δὲ
514 749 628 813 ὑπὸ
676 755 782 814 τοῦ
831 752 975 822 μετ’
1022 752 1209 814 αὐτὸν
1257 750 1559 815 πιπτέτω.
1631 749 1945 827 Tandem,
2010 770 2162 816 nam
2213 751 2485 816 anilium
2533 751 2782 818 fabula-

400 875 547 920 rum
610 853 755 920 finis
816 855 1156 940 aliquando
1202 856 1595 940 quaerendus
1644 863 1774 932 est,
1825 857 2121 921 omnibus
2167 857 2532 932 trucidatis,
2605 855 2784 923 Jose-

400 962 565 1046 plius
614 961 788 1026 solus
834 982 982 1026 cum
1034 982 1161 1027 uno
1206 962 1403 1028 sodali
1450 967 1770 1047 superest:
1823 962 2301 1027 Καταλείπεται
2353 962 2413 1028 δὲ
2458 962 2784 1040 Ἰώσηπος,

402 1065 529 1132 εἴτε
578 1068 693 1132 ὑπὸ
740 1067 938 1147 τύχης
992 1069 1113 1148 χρὴ
1164 1067 1405 1151 λέγειν,
1454 1069 1581 1133 εἴτε
1632 1067 1750 1132 ὑπὸ
1798 1070 1930 1132 θεοῦ
1979 1069 2255 1148 προνοίας
2304 1070 2414 1134 σὺν
2461 1068 2637 1149 ἑτέρῳ
2680 1070 2783 1134 καὶ

402 1171 757 1255 σπουδάζων
817 1173 979 1249 μήτε
1042 1172 1157 1237 ὑπὸ
1220 1178 1325 1238 τοῦ
1376 1175 1593 1253 κλήρου
1640 1175 2203 1252 καταδικασθῆναι,
2258 1174 2420 1250 μήτε
2467 1177 2517 1240 εἰ
2567 1189 2782 1239 τελευ-

400 1287 573 1351 ταῖος
622 1279 931 1356 λείποιτο,
980 1283 1204 1356 μιᾶναι
1249 1281 1360 1353 τῆν
1410 1279 1615 1356 δεξιὰν
1666 1281 1962 1360 ὁμοφύλῳ
2009 1281 2210 1361 φόνῳ,
2251 1281 2442 1344 πείθει
2484 1281 2589 1345 καὶ
2631 1283 2787 1346 ἐκεῖ·

400 1409 493 1450 νον
540 1385 641 1449 ἐπὶ
690 1385 859 1453 πίςει
910 1383 1035 1465 ζῆν.
1109 1384 1352 1451 Deinde
1402 1387 1700 1451 omnibus
1746 1391 1970 1451 notum
2021 1392 2150 1470 est,
2191 1387 2507 1471 quomodo
2547 1408 2680 1452 sese
2717 1389 2784 1451 in

400 1491 777 1576 Vespasiani
839 1493 1118 1578 gratiam
1180 1493 1619 1557 insinuaverit.
1692 1492 1900 1571 Quam
1965 1491 2195 1558 vellem
2263 1494 2422 1558 scire
2470 1495 2784 1578 quomodo

399 1595 623 1662 Justus
682 1597 849 1662 Pisti
920 1595 1125 1675 filius,
1200 1597 1597 1664 adversarius
1664 1597 1962 1683 Josephi,
2034 1619 2170 1662 rem
2243 1605 2376 1664 tam
2449 1599 2780 1686 indignam

400 1707 798 1780 tractaverit,
850 1705 960 1768 sed
1008 1705 1165 1768 bene
1210 1703 1453 1768 factum
1503 1704 1671 1789 quod
1710 1702 1971 1789 Josephi
2013 1705 2333 1770 malitiam
2381 1708 2536 1770 satis
2573 1707 2778 1790 ipsam

399 1831 510 1895 per
570 1831 635 1875 se
696 1816 977 1895 spectare
1040 1817 1105 1875 et
1164 1831 1428 1897 arguere
1474 1831 1833 1896 possumus.
1904 1809 2254 1894 Postquam
2301 1811 2590 1877 Romano
2638 1811 2786 1876 duci

400 1918 784 1982 vaticinatus
828 1916 1035 1981 fuerat
1081 1918 1463 2001 imperium,
1505 1921 1754 1982 amicus
1794 1915 2054 2002 quidam
2096 1915 2258 1981 Bell.
2300 1916 2449 1983 Jud.
2494 1916 2551 1980 3.
2598 1916 2661 1982 8.
2702 1915 2781 1995 9,

402 2023 739 2103 θαυμάζειν
803 2021 923 2103 ἔφη
988 2028 1116 2093 πῶς
1181 2021 1321 2087 οὔτε
1376 2029 1501 2094 τοῖς
1552 2023 1654 2087 ἐπὶ
1704 2027 1820 2086 τῶν
1867 2025 2266 2087 Ἰωταπάτων
2315 2023 2448 2101 περ)
2497 2024 2783 2094 άλώσεως

396 2129 539 2194 οὔτε
588 2129 757 2208 αὑτῷ
801 2127 1339 2208 προεμαντεύσατο
1388 2129 1523 2208 περὶ
1571 2128 2065 2209 αἰχμαλωσίας,
2113 2131 2165 2194 εἱ
2215 2131 2301 2206 μὴ
2352 2133 2564 2194 ταῦτα
2605 2137 2782 2210 λῆρος

398 2233 487 2310 εἴη
536 2235 989 2312 διακρουομένου
1038 2235 1155 2307 τάς
1197 2233 1301 2299 ἐπ’
1347 2237 1533 2301 αὑτὸν
1574 2235 1784 2314 ὀργάς.
1827 2237 2118 2310 Ἰώσηπος
2157 2236 2218 2300 δὲ
2260 2235 2362 2300 καὶ
2405 2245 2530 2309 τοῖς
2570 2239 2782 2300 Ἰωτα-

399 2349 695 2418 πατηνοῖς
746 2339 837 2406 ὅτι
884 2342 1056 2418 μετὰ
1104 2343 1563 2421 τεσσαρακοςῆν
1616 2341 1889 2420 ἑβδόμην
1940 2342 2167 2422 ἡμέραν
2207 2341 2554 2407 άλῶσονται
2592 2366 2781 2420 προει-

396 2455 533 2512 πεῖν
600 2445 759 2525 ἔφη,
825 2447 929 2512 καὶ
996 2446 1089 2514 ὅτι
1150 2450 1296 2528 πρὸς
1362 2449 1679 2527 Ῥωμαίων
1733 2448 1922 2520 αὐτὸς
1973 2448 2445 2528 ζωγρηθήσεται.
2519 2447 2780 2514 Scilicet

394 2553 701 2640 proditori
746 2553 904 2619 talia
949 2556 1255 2623 vaticinia
1300 2575 1425 2621 non
1474 2575 1707 2642 magno
1755 2558 2066 2621 constant.

484 2660 901 2748 Negligentia
956 2660 1216 2746 Josephi
1284 2681 1598 2747 nusquam
1660 2660 1914 2726 facilius
1975 2662 2162 2747 argui
2215 2666 2422 2745 potest
2469 2682 2662 2746 quam
2707 2664 2775 2727 in

390 2787 803 2832 numerorum
866 2787 1023 2852 quos
1084 2768 1417 2852 perscribit
1468 2770 1979 2855 exaggeratione.
2043 2766 2296 2833 Bellum
2347 2769 2484 2853 ipse
2526 2768 2776 2855 viderat

390 2894 595 2957 neque
656 2874 1082 2939 umbraticam
1148 2875 1351 2940 vitam
1416 2886 1635 2960 egerat
1696 2880 1762 2939 et
1819 2878 2034 2939 tamen
2097 2894 2440 2938 numerum
2491 2872 2778 2939 militum

392 2981 821 3067 pugnantium
878 2978 983 3046 vel
1030 2998 1353 3045 caesorum
1403 3000 1589 3065 saepe
1632 2978 2073 3045 incredibilem
2123 2979 2189 3043 in
2237 2978 2500 3043 modum
2553 2978 2780 3064 ampli-

392 3084 561 3152 ficat.
632 3084 809 3150 Idem
874 3087 1109 3149 metuit
1165 3104 1247 3149 ne
1307 3086 1508 3150 oratio
1570 3087 1768 3149 nimis
1827 3084 2076 3149 humile
2137 3092 2347 3168 sonet,
2405 3086 2530 3148 nisi
2592 3087 2783 3148 tertia

393 3210 641 3277 quaque
686 3192 923 3277 pagina
968 3188 1211 3274 aliquot
1260 3190 1644 3255 talentorum
1692 3187 1906 3254 millia
1951 3188 2055 3254 vel
2103 3186 2368 3254 collecta
2416 3204 2630 3274 crepet
2676 3188 2779 3255 vel

390 3300 679 3381 impensa
726 3294 833 3361 vel
878 3296 1195 3361 absumta.
1270 3294 1493 3361 Veluti
1541 3295 1852 3360 molestus
1901 3298 1963 3359 ei
2009 3293 2155 3361 nolo
2202 3314 2336 3361 esse
2356 3342 2373 3365 .
2421 3317 2568 3361 cum
2621 3298 2780 3361 scri-

393 3402 491 3467 bit
552 3404 770 3485 Antiq.
833 3400 896 3465 8.
966 3400 1069 3467 11.
1124 3400 1164 3465 3
1212 3404 1279 3466 in
1324 3422 1541 3489 pugna
1587 3401 1900 3485 quadam,
1951 3422 2146 3486 quam
2194 3398 2400 3467 Judae
2446 3423 2556 3467 rex
2600 3424 2775 3468 com-

392 3510 575 3572 misit
612 3507 913 3573 adversus
961 3526 1178 3593 regem
1230 3510 1447 3573 decem
1488 3508 1776 3572 tribuum
1803 3507 2100 3573 cecidisse
2125 3506 2559 3573 Israelitarum
2589 3511 2778 3593 quin-

391 3619 589 3701 genta
648 3611 891 3689 millia,
956 3614 1337 3687 πεντήκοντα
1400 3613 1738 3689 μυριάδας,
1803 3614 1867 3677 h.
1917 3634 1951 3679 e
2025 3611 2325 3692 500000‚
2372 3634 2519 3679 nam
2573 3618 2781 3697 potest

392 3740 461 3785 sc
500 3720 667 3785 tueri
718 3721 1101 3785 auctoritate
1146 3718 1325 3785 Sacri
1372 3716 1659 3803 Codicis,
1708 3720 1826 3783 ubi
1873 3718 2146 3785 eundem
2193 3740 2536 3785 numerum
2583 3739 2780 3804 quan-

392 3828 638 3891 tumvis
697 3826 1045 3891 absurdum
1113 3827 1441 3891 invenerat
1490 3830 1704 3890 tamen
1753 3824 1796 3889 2
1841 3822 2076 3892 Chron.
2130 3824 2228 3889 13.
2287 3823 2391 3891 17.
2465 3822 2588 3889 Sed
2637 3826 2781 3909 quis

393 3952 775 4017 concoquere
834 3936 1067 4017 poterit
1127 3931 1295 4017 quod
1357 3931 1599 4019 legitur
1654 3933 1872 4017 Antiq.
1939 3930 2007 3995 7.
2072 3928 2176 3995 13.
2239 3928 2320 3994 1?
2379 3924 2502 3993 Ἦν
2551 3930 2614 3995 δὲ
2663 3936 2780 3993 τῶν

394 4036 603 4103 ἄλλων
666 4038 1054 4117 Ἰσραηλιτῶν
1102 4038 1348 4116 άριθμός
1400 4037 1756 4112 ἐνενήκοντα
1804 4036 2126 4116 μυριάδες,
2185 4032 2542 4121 (900000),
2607 4032 2776 4101 ὅπλα

394 4143 701 4224 βαςάζειν
751 4144 854 4208 καὶ
904 4146 1307 4223 ςρατεύεσθαι
1348 4144 1728 4227 δυναμένων,
1773 4146 1808 4219 ἧ
1849 4144 1912 4208 δὲ
1953 4142 2152 4207 ’Ῑούδα
2193 4142 2364 4221 Φυλῆ
2389 4142 2526 4206 καθ’
2552 4142 2776 4217 ἑαυτὴν

393 4250 862 4329 τεσσαράκοντα
923 4250 1214 4327 μυριάδες
1278 4246 1430 4324 ἦσαν
1493 4246 1880 4332 (4000001).
1967 4248 2299 4315 Praeterea
2347 4247 2494 4314 vide
2540 4252 2776 4333 pretio-

392 4377 529 4422 sam
580 4356 1045 4442 supellectilem
1092 4358 1161 4421 in
1200 4356 1441 4441 templo
1486 4356 1881 4438 Salomonis,
1928 4356 2148 4439 Antiq.
2198 4351 2257 4418 8.
2289 4353 2347 4419 3.
2375 4353 2455 4432 8,
2497 4356 2776 4435 οἰνοχόας

392 4464 695 4544 μυριάδας
762 4465 913 4528 ὀκτὼ
970 4460 1251 4547 (80000)
1314 4460 1419 4526 καὶ
1482 4464 1728 4542 φιαλῶν
1777 4466 2018 4539 χρυσῶν
2066 4459 2214 4525 δέκα
2262 4460 2623 4539 (100000),
2672 4462 2774 4538 άρ-
