3436 5161
748 383 880 452 882
1604 405 1880 454 umus
1924 403 2263 454 sosarnus.

837 570 910 636 P.
962 568 1286 656 Sulpicius
1333 570 1664 650 Quirinius
1680 621 1697 655 ,
1748 592 1939 656 quem
1986 570 2261 657 populus
2306 569 2495 636 hodie
2538 568 2739 636 stulte
2776 565 3121 656 Cyrenium

747 676 1064 762 appellare
1109 677 1301 762 solet,
1349 677 1476 742 fuit
1521 683 1638 741 τῶν
1687 679 1772 747 είς
1822 680 1931 750 την
1976 678 2208 756 βουλὴν
2250 703 2289 742 σ
2306 700 2341 741 υ
2360 701 2390 740 ν
2409 701 2451 741 oe
2470 701 2515 755 y
2536 700 2563 741 ο
2580 700 2631 754 μ
2648 675 2677 740 ἑ
2692 701 2722 740 ν
2740 699 2783 739 ω
2800 697 2831 739 ν
2850 721 2867 753 ,
2916 675 3121 756 Antiq.

753 783 856 849 18.
913 785 965 848 1.
1027 786 1083 848 1.
1153 782 1280 849 Sed
1343 783 1470 848 fuit
1486 833 1504 870 ‚
1569 785 1789 870 opinor
1807 829 1824 862 ,
1890 791 2069 870 pater
2132 786 2524 870 conscriptus
2584 789 2649 849 et
2709 789 2826 847 τῶν
2892 781 2981 853 εἷς
3024 781 3126 854 τὴν

745 888 976 966 βουλὴν
1037 889 1751 972 συγγραφομένων
1776 889 1897 958 -vel
1942 913 2033 956 συ
2056 889 2769 973 γγεγραμμένων,
2818 909 2973 955 nam
3016 886 3125 952 hoc

747 995 1030 1084 ambigo.

833 1208 1059 1274 Esseni
1117 1229 1320 1296 neque
1383 1231 1610 1277 uxores
1673 1211 1953 1290 ducunt,
2011 1233 2127 1277 nec
2174 1231 2389 1278 servos
2434 1210 2705 1294 habent,
2757 1211 2979 1294 An'tiq.
3032 1203 3126 1273 18.

754 1315 813 1381 1.
865 1315 942 1400 5,
1005 1317 1074 1380 τὸ
1130 1317 1242 1393 μὲν
1291 1317 1375 1388 είς
1423 1316 1670 1382 ἀδικίαν
1720 1318 1925 1399 Φέρειν
1978 1317 2427 1402 ὑπειληφότες,
2475 1317 2543 1381 τὸ
2592 1316 2657 1380 δὲ
2704 1314 2943 1388 ςάσεως
2994 1314 3129 1378 ἔνδι-

747 1419 913 1488 δόνοιι
960 1423 1322 1501 ποίησιν,
1369 1425 1587 1508 Antiq.
1640 1423 1851 1490 18.1.
1896 1423 1975 1492 5:
2024 1425 2122 1490 An
2168 1419 2634 1505 πρόφασινῗ
2684 1421 2906 1487 Obiter
2942 1420 3129 1503 adde,

747 1527 912 1592 nihil
958 1549 1091 1593 esse
1136 1550 1252 1594 cur
1295 1532 1421 1595 viri
1469 1530 1640 1596 docti
1689 1534 2035 1616 mirentur,
2076 1531 2394 1616 quomodo
2440 1527 2693 1594 Plinius
2736 1531 2807 1593 in
2850 1527 3131 1593 Historia

745 1633 1046 1700 Naturali
1089 1633 1356 1701 Essenos
1401 1657 1773 1724 cognoscere
1821 1639 2137 1723 potuerit3
2178 1637 2305 1703 fuit
2343 1639 2517 1702 enim
2536 1683 2553 1714 ,
2582 1636 2751 1722 quod
2771 1637 3131 1720 nuperrime

748 1749 1074 1829 repertum
1119 1749 1216 1808 est
1231 1788 1249 1820 ,
1298 1764 1470 1826 cum·
1491 1741 1640 1809 Tito
1687 1745 1757 1808 in
1802 1743 2187 1811 Palaestina.

839 1957 990 2024 Sine
1033 1977 1220 2022 sensu
1265 1958 1479 2022 editur
1523 1959 1741 2042 Antiq.
1798 1955 1901 2022 18.
1958 1960 2013 2022 1.
2066 1955 2140 2022 6:
2192 1959 2449 2023 Γεσσίου
2489 1957 2731 2036 Φλώρου
2771 1965 2849 2038 τῇ
2894 1953 3130 2034 ἐξουσίᾳ

746 2067 855 2129 τοῦ
919 2061 1181 2142 ὑβρίζειν
1241 2064 1284 2128 εἰ
1301 2087 1350 2127 π·
1365 2085 1392 2128 ο
1407 2087 1438 2126 ν
1456 2085 1482 2128 ο
1501 2063 1536 2138 ἦ
1553 2088 1591 2127 σ
1610 2087 1654 2128 οι
1673 2089 1702 2128 ν
1720 2088 1759 2128 τ
1776 2087 1805 2128 ο
1824 2087 1852 2136 ς
1902 2064 2128 2136 αὐτοὺς
2174 2065 2484 2140 ciros-fiam
2533 2063 2868 2142 Ῥωμαίων.
2943 2060 3129 2129 Gom-

749 2169 1016 2234 mendo:
1064 2170 1388 2247 ἔπαινοιγ
1409 2169 1845 2242 κάσκντος.

841 2383 978 2450 Rex
1039 2383 1346 2450 Phraates
1407 2385 1825 2450 concubinam
1884 2384 2112 2452 habuit
2161 2384 2477 2461 Ἰταλικὴν
2525 2384 2855 2459 παιδίσκην
2878 2433 2898 2460 ,
2946 2383 3130 2460 ὄνομα

753 2492 914 2572 αὐτῇ
977 2493 1430 2568 Θερμοῦσα.
1499 2488 1571 2556 Si
1627 2490 1865 2556 mulier
1912 2490 2101 2558 Italia
2148 2491 2416 2559 oriunda
2460 2491 2621 2570 fuit,
2672 2493 2885 2579 magis
2930 2489 3129 2556 credi-

752 2599 954 2665 derim
1003 2601 1474 2679 Φορμοῦσων
1522 2618 1666 2665 eam
1711 2598 1909 2664 fuisse
1956 2596 2365 2685 appellatam.

839 2812 1058 2896 Antiq.
1115 2810 1218 2877 18.
1269 2809 1332 2875 3.
1377 2810 1418 2874 4
1437 2858 1454 2887 ,
1503 2812 1931 2895 interponitur
1976 2810 2187 2896 lepida
2234 2814 2511 2878 narratio
2530 2858 2546 2888 ‚
2588 2811 2907 2897 quomodo
2946 2828 3129 2895 eques

747 2919 1074 2985 Romanus
1119 2917 1352 2983 Decius
1401 2916 1685 2982 Mundus
1732 2916 2011 2983 nobilem
2056 2922 2417 2983 matronam
2464 2902 2817 2983 Romanam
2868 2919 2936 2982 in
2982 2914 3131 2981 aede

747 3024 936 3091 Isidis
983 3024 1319 3110 deceperit.
1365 3021 1548 3088 Hanc
1595 3022 1995 3089 historiolam
2038 3030 2374 3109 postquam
2416 3043 2750 3091 narravero
2768 3069 2787 3101 ,
2824 3021 3133 3107 Josephus

748 3132 994 3216 inquit,
1033 3128 1188 3195 οὕτω
1235 3128 1645 3206 μεταδιδῶ
1695 3131 1799 3195 τὸν
1845 3129 2031 3207 λόγον
2082 3130 2180 3195 ἐπὶ
2224 3130 2312 3195 τὰ
2352 3131 2411 3195 ἐν
2452 3130 2760 3201 Ἰουδαίοις
2804 3128 3129 3207 γεγονότα.

735 3234 986 3315 ,Βοτὶϋίι
1047 3234 1406 3301 Dindorfius
1451 3236 1876 3319 μεταδίδωμι,
1924 3256 2051 3320 qua
2097 3238 2162 3301 in
2208 3256 2277 3303 re
2324 3235 2776 3302 nonnullorum
2822 3232 3129 3301 Codicum

750 3344 1190 3408 auctoritatem
1255 3341 1628 3427 imprudens
1687 3348 1946 3407 secutus
2009 3348 2137 3417 est,
2190 3362 2340 3406 nam
2394 3345 2550 3408 satis
2598 3348 2859 3428 apparet
2904 3360 3127 3407 verum

752 3468 884 3515 esse
932 3448 1391 3526 μεταβιβῶ.
1465 3447 1591 3513 Sed
1637 3446 1783 3534 plus
1829 3448 2019 3511 refert
2066 3450 2383 3535 corrig-ere
2429 3446 2749 3513 ludicrum
2796 3449 2866 3512 in
2914 3447 3128 3531 paucis

749 3556 986 3621 vitium
1006 3603 1024 3638 ,
1091 3554 1260 3639 quod
1321 3556 1542 3619 statim
1591 3556 1900 3639 sequitur.
1971 3553 2057 3619 Ni
2104 3556 2387 3638 potiatur
2434 3554 2709 3621 Paulina
2752 3574 2905 3632 sua,
2956 3572 3129 3618 ama-

747 3666 848 3726 tor
907 3661 1070 3725 mori
1131 3658 1443 3725 decrevit:
1511 3658 1705 3743 ἒνδείᾳ
1770 3661 1972 3725 σιτίων
2036 3659 2294 3725 θάνατον
2358 3661 2657 3737 ἐπιτιμᾶν
2709 3660 2877 3740 αὐτῷ
2926 3658 3127 3727 καλῶς

748 3768 918 3847 ἔχειν
965 3764 1234 3847 ἐνόμιζεν
1282 3766 1383 3831 ἐπί
1422 3766 1700 3848 Παυλίνη
1742 3772 1931 3832 κακοῦ
1976 3770 2083 3831 τοῦ
2110 3766 2582 3847 κατειληφότος.
2634 3766 2957 3833 Vidistine
2980 3765 3129 3852 quid

747 3894 1054 3959 umquam
1117 3869 1423 3938 stultius?
1493 3872 1877 3958 Interpretes
1924 3878 2137 3939 tamen
2188 3872 2281 3937 nil
2331 3870 2489 3938 mali
2532 3874 2839 3959 suspicati
2876 3876 3131 3939 vertunt

750 3979 913 4044 bona
973 3978 1128 4043 fide:
1187 3986 1427 4061 propter
1485 3978 1737 4062 malum,
1800 3980 1957 4063 quod
2000 3979 2057 4043 ei
2102 4000 2173 4043 ec·
2220 3979 2488 4043 Paulina
2534 3979 2856 4043 acciderat.
2927 3977 3127 4043 Nemo
3244 3980 3251 3985 “

747 4084 915 4150 vidit
957 4084 1286 4169 hucusque
1333 4104 1465 4149 esse
1513 4085 2015 4151 emendandum:
2069 4085 2168 4147 ἐπὶ
2220 4084 2498 4165 παύλῃ
2550 4090 2741 4149 κακοῦ
2776 4090 2883 4149 τοῦ
2927 4106 3125 4149 κατει-

749 4189 1042 4269 ληφότος.
1113 4189 1354 4254 Iterum
1421 4194 1678 4253 παῦλαν
1740 4198 1943 4255 κακῶν
1990 4189 2303 4276 Josephus
2351 4190 2699 4278 appellavit
2745 4192 2972 4279 Antiq.
3020 4190 3126 4255 20.

749 4294 815 4362 8.
861 4294 960 4360 10.
1011 4295 1296 4361 Tandem
1343 4296 1610 4362 libertae
1656 4297 1879 4363 fraude
1925 4296 2209 4363 Mundus
2254 4302 2385 4365 voti
2424 4318 2682 4383 compos
2724 4298 2797 4364 fit
2837 4306 2901 4365 et
2942 4300 3124 4365 tertio

751 4402 854 4467 die
915 4408 1089 4487 post,
1154 4403 1316 4467 forte
1377 4402 1633 4468 obviam
1695 4404 1905 4469 factus
1964 4402 2303 4468 Paulinam
2362 4406 2455 4470 ita
2500 4405 2757 4472 irridetx
2806 4404 3123 4478 Παυλίνα,

752 4510 910 4575 ἀλλ
930 4508 975 4574 οὶ
1019 4532 1121 4587 μοι
1170 4508 1275 4575 καὶ
1325 4508 1509 4575 εἴκοσι
1555 4510 1856 4593 μυριάδας
1905 4508 2200 4590 διεσώσω,
2251 4508 2553 4589 δυναμένη
2590 4510 2727 4594 οἴκῳ
2771 4512 3123 4594 προσθέσθαι
