3436 5161
605 327 693 394 88
1558 351 1645 399 An
1692 351 2046 400 nummi.

697 512 845 601 Gap.
912 517 973 581 2.
1037 519 1174 582 οὶντὶ
1242 518 1305 582 δὲ
1356 517 1612 591 ἀνοήτου
1657 541 1731 582 τε
1789 517 1892 582 καὶ
1944 519 2383 597 τετυφωμένου
2434 520 2810 597 γενέσθαι
2860 546 2988 599 με·

608 643 649 683 τ
663 625 1033 702 ριώτερον.
1118 622 1304 689 Nihil
1368 623 1582 688 minus
1644 622 1912 688 Luc-iani
1977 623 2226 698 πτοήσει
2289 629 2584 692 convenit
2645 647 2836 713 quem
2883 628 2990 694 hio

604 731 1077 812 comparativus
1094 777 1108 804 ,
1175 732 1284 813 qui
1355 729 1734 816 pervulgato
1808 749 2012 796 errore
2082 750 2195 815 pro
2261 732 2650 817 superlativo
2713 735 2984 819 irrepsit.

604 832 938 901 Praeterea
982 856 1177 921 paene
1222 837 1649 902 necessarium
1696 833 1956 901 videtur
2003 861 2048 913 γ
2067 859 2156 913 εγ
2175 860 2248 900 εν
2269 845 2304 909 ἦ
2322 863 2360 902 c
2383 837 2534 904 θαι.

1735 931 1748 961 ,
2399 933 2405 938 .

701 1029 855 1116 Gap.
894 1029 961 1097 2.
1001 1033 1105 1097 καὶ
1157 1031 1440 1108 ηὐξάμην
1489 1033 1559 1098 σέ
1600 1055 1714 1097 τινι
1752 984 2071 1112 χσπουδαίῳ
2119 1034 2536 1114 ἐπιτυχεῖν.
2585 1034 2816 1100 Verius
2837 1039 2994 1120 puto

610 1137 925 1220 ἐντυχεῖν.
994 1138 1235 1204 Notum
1284 1144 1382 1204 est
1426 1138 1788 1204 discrimen.
2187 1145 2195 1151 '

702 1317 855 1405 Gap.
898 1320 961 1385 4.
1001 1318 1092 1384 ἔτι
1134 1344 1205 1386 τε
1250 1326 1482 1402 χρυσοῦ
1531 1319 1635 1385 καὶ
1686 1319 2004 1400 πορφύρας
2053 1325 2184 1386 καὶ
2228 1327 2371 1389 τῶν
2411 1321 2614 1388 πάνυ
2656 1323 2990 1404 περιβλέπ·

610 1448 728 1489 των
786 1432 913 1496 τοῖς
973 1436 1250 1498 πολλοῖς.
1334 1425 1467 1492 Vix
1527 1426 1715 1493 aliter
1769 1428 2090 1511 scripsisse
2151 1433 2359 1512 potest
2418 1448 2614 1514 quam
2675 1430 2807 1494 κα)
2858 1438 2994 1496 τῶν

610 1529 872 1596 ἄλλων
934 1539 1077 1596 τῶν
1140 1533 1343 1598 πάνυ
1408 1531 1997 1613 περίβλεπτων.
2078 1531 2292 1599 Simili
2346 1535 2625 1600 remedio
2682 1535 2994 1600 utendum
3063 1598 3068 1602 .

609 1655 744 1721 cap.
807 1636 929 1721 29,
994 1641 1107 1703 ubi
1167 1637 1310 1724 lege
1370 1639 1474 1703 καὶ
1546 1643 1823 1703 πολλῶν
1893 1639 2028 1713 ἤδη
2082 1638 2212 1703 καὶ
2264 1647 2402 1704 τῶν
2452 1643 2793 1707 σπουδαίων
2841 1637 2992 1707 εἶναι

610 1742 932 1808 δοκούντων
981 1745 1356 1816 έπήλειπται
1408 1765 1519 1830 pro
1564 1751 1878 1809 πολλῶν
1929 1743 2066 1820 ἤδη
2113 1746 2587 1811 σπουδαίων.

702 1849 859 1915 Post
902 1870 1105 1934 pauca
1148 1849 1361 1916 locum
1408 1871 1531 1915 non
1580 1853 1824 1936 optime
1857 1850 2298 1916 cohaerentem
2333 1853 2429 1916 ita
2469 1855 2814 1918 constitue:
2855 1852 2992 1933 ἄρτι

616 1956 728 2035 μὲν
790 1955 1176 2035 ἐλυπούμην,
1231 1955 1661 2034 ἐληλεγμένων
1707 1978 1811 2031 μοι
1854 1961 1969 2019 τῶν
2017 1953 2343 2035 Φιλτάτων
2375 2003 2704 2022 ........
2756 1955 2893 2037 ἄρτι
2941 1958 2995 2024 δ’

617 2055 714 2126 αὖ
758 2061 859 2126 τα
905 2063 1045 2139 μὲν
1094 2060 1284 2127 ἐδόκει
1327 2084 1431 2139 μοι
1479 2063 1749 2126 ταπεινὰ
1789 2060 1893 2125 καὶ
1931 2061 2434 2140 καταγέλαστα,
2476 2059 2717 2143 ἔχαιρον
2754 2063 2816 2128 δὲ
2853 2060 2990 2147 [αὖ]

614 2165 813 2248 ῶσπερ
840 2215 1039 2233 .....
1101 2167 1497 2246 ἀναβλέπων.
1582 2167 1707 2232 Pro
1773 2164 1867 2232 αὖ
1913 2167 2011 2232 τά
2055 2167 2302 2232 librarii
2351 2187 2478 2234 uno
2529 2175 2742 2234 tenore
2789 2169 2997 2234 αὐτά

617 2273 927 2339 dederunt
983 2281 1045 2338 et
1105 2273 1229 2338 loci
1292 2275 1786 2338 concinnitatem
1849 2274 2210 2338 turbarunt.
2288 2269 2416 2350 αὖ,
2476 2273 2644 2358 quod
2687 2277 2756 2339 in
2799 2275 2999 2341 altera

621 2389 799 2464 parte
826 2377 1193 2444 'sententiae
1240 2380 1434 2454 eieci,
1484 2380 1552 2442 in
1602 2376 1830 2442 multis
1873 2376 2056 2442 libris
2102 2378 2262 2442 abiit
2310 2380 2377 2445 in
2423 2375 2546 2462 ἄν,
2595 2380 2763 2464 quod
2801 2379 2998 2445 Fritz-

617 2484 829 2561 schio,
879 2485 1014 2549 viro
1060 2486 1465 2562 acutissimo,
1516 2483 1829 2568 placuisse
1877 2483 2288 2550 vehementer
2333 2486 2548 2551 miror.
2621 2485 2857 2552 Nullus
2891 2486 3000 2552 hic

614 2590 789 2657 locus
854 2598 948 2656 est
1008 2591 1245 2679 gaudio
1303 2589 1656 2656 identidem
1717 2595 2038 2677 concepto.
2125 2591 2224 2656 Ad
2289 2590 2354 2655 id
2403 2592 2571 2675 quod
2617 2591 2869 2677 reposui
2916 2592 2995 2657 cf.

611 2697 804 2762 huius
876 2696 1080 2762 libelli
1150 2717 1285 2781 cap.
1358 2695 1401 2760 2
1474 2694 1963 2775 καταλαμβάνω
2032 2696 2164 2760 τὸν
2219 2697 2360 2774 μὲν
2411 2696 2472 2760 ἐν
2517 2698 2695 2776 χερσὶ
2745 2697 2999 2775 βιβλίον

612 2800 880 2882 ἔχοντα;
932 2808 997 2867 et
1044 2804 1281 2887 passim
1329 2803 1420 2867 sic
1466 2803 1788 2867 scribitur.
2930 2838 2934 2842 Δ

700 2984 853 3071 Gap.
906 2984 971 3050 9.
1018 2981 1167 3057 ῶςτε
1217 2982 1332 3048 κᾶν
1383 2981 1751 3065 ἐνδεέστερόν
1799 3008 1857 3048 τι
1903 2968 2304 3063 δοκῶλέγειν
2329 3035 2344 3063 ,
2407 2985 2597 3051 έκεῖνο
2657 2985 2771 3061 μὲν
2841 2981 2997 3048 ἔστω

610 3088 953 3173 πρόχειρον,
1016 3092 1093 3161 ὥς
1162 3090 1477 3167 ἄμεινον
1543 3086 1623 3164 ἦν
1683 3088 1812 3154 καὶ
1874 3087 2138 3163 ἄλλως
2187 3090 2214 3155 ὁ
2265 3092 2516 3166 ποιητὴς
2565 3088 2703 3162 ἴσως
2752 3088 2998 3171 διεξῄει.

612 3194 736 3276 Qui
798 3196 959 3260 hanc
1006 3194 1347 3259 lectionem
1398 3200 1650 3277 tuetur,
1697 3215 1820 3259 non
1868 3194 2053 3260 facile
2098 3195 2429 3282 expediet,
2474 3217 2600 3282 qua
2642 3194 2835 3262 de're
2877 3196 2999 3260 hoc

607 3300 1040 3386 praedicetur,
1102 3302 1394 3365 meliorem
1459 3324 1583 3365 eam
1637 3301 1854 3387 fuisse.
1948 3302 2229 3387 Apparet
2285 3302 2546 3386 quidem
2610 3302 2687 3366 de
2735 3300 2998 3389 Nigrini

609 3406 1036 3491 disputatione
1094 3407 1211 3471 hoc
1268 3406 1430 3493 dici;
1480 3406 1587 3471 sed
1638 3405 1792 3471 talia
1839 3407 2166 3472 subaudiri
2212 3428 2392 3494 posse
2438 3412 2580 3494 quis
2627 3410 2789 3473 serio
2836 3406 2998 3472 affir-

607 3510 783 3579 met?
853 3512 993 3577 Una
1054 3512 1312 3577 literula
1376 3513 1635 3596 dempta
1691 3512 1894 3576 scribe
1952 3516 2029 3585 ὥς
2091 3512 2420 3591 ἄμεινον
2470 3512 2504 3589 33
2552 3512 2686 3577 καὶ
2737 3510 2997 3583 ἄλλως

608 3621 651 3685 δ’
688 3622 939 3693 ποιητὴς
988 3618 1129 3689 ἴσως
1180 3616 1433 3701 διεξῄει,
1484 3626 1547 3683 et
1585 3621 1895 3703 optimam
1939 3617 2286 3705 lucraberis
2333 3622 2714 3685 sententiam
2762 3619 2993 3685 hance:

602 3746 763 3812 quse
812 3729 945 3811 ipse
994 3730 1178 3810 poeta
1219 3726 1601 3791 disseruerat
1641 3744 1767 3789 non
1807 3724 2054 3789 meliora
2091 3731 2348 3790 tantum
2397 3732 2609 3803 erant,
2651 3724 2758 3791 sed
2797 3725 2992 3789 etiam

601 3834 862 3898 fortasse
912 3835 1183 3907 diversa,
1232 3834 1326 3895 ita
1374 3837 1447 3895 ut
1494 3851 1637 3894 mea
1685 3832 1886 3895 oratio
1933 3852 2057 3897 non
2103 3831 2311 3896 solum
2361 3832 2552 3896 verbio
2577 3878 2594 3907 ,
2645 3833 2755 3895 sed
2795 3830 2993 3895 etiam

600 3940 775 4004 rebus
823 3939 1084 4003 fortasse
1132 3939 1208 4002 ab
1256 3936 1458 4021 ipsius
1506 3938 1788 4001 oratione
1817 3936 2105 4023 aberret.
2181 3930 2186 3935 ’

695 4120 848 4207 Cap.
917 4122 1024 4185 11.
1085 4122 1293 4196 μικρὸν
1350 4119 1739 4198 Φθέγγονται
1802 4118 1906 4182 καὶ
1971 4118 2184 4197 ἰσχνὸν
2247 4117 2352 4182 καὶ
2405 4117 2776 4197 γυναικῶδες
2827 4115 2997 4201 [καὶ]

599 4233 713 4299 τῆς
762 4226 1043 4303 Ἑκάβης
1096 4226 1128 4299 ἢ
1179 4224 1521 4301 Πολυξένης
1570 4226 1730 4289 πολὺ
1783 4223 2222 4303 ταπεινότερον.
2305 4221 2622 4309 Expunge
2668 4220 2993 4307 copulam3

595 4354 721 4399 non
783 4334 951 4399 enim
1014 4340 1340 4416 tamquam
1404 4338 1705 4417 quartum
1769 4329 2086 4415 quoddam
2146 4330 2302 4394 haec
2351 4328 2709 4406 adduntur,
2758 4326 2868 4393 sed
2915 4322 2996 4389 ad

595 4458 735 4504 rem
785 4437 1078 4523 exemplo
1124 4435 1591 4509 illustrandam.
