3436 5161
593 361 685 432 28
1585 383 1984 436 naono-rus.

596 547 798 615 denda
859 549 925 614 in
994 550 1206 616 verbis
1277 550 1546 614 ἐνθεῦτεν
1615 548 1716 633 δέ,
1788 550 1853 614 οὗ
1924 548 2051 631 γὰρ
2120 546 2320 614 ἔπειθε
2391 550 2532 623 τοὺς
2606 550 2781 623 Χίους
2829 547 2974 620 ὅτε

595 656 684 720 ἕω
703 681 737 720 υ
755 680 794 719 τ
813 657 854 736 ᾧ
920 655 954 720 δ
969 679 996 722 ο
1015 661 1049 721 ῦ
1069 682 1097 721 ν
1116 681 1158 721 a
1175 682 1193 723 ι
1257 657 1392 722 νέοι
1411 682 1440 730 ς
1459 702 1477 735 ,
1544 655 1720 735 διέβη
1764 657 1823 730 ἐς
1864 658 2224 732 Μυτιλήνην
2268 657 2373 722 κω)
2416 655 2623 723 ἔπεισε
2664 657 2975 737 Λεσβίους

602 759 840 846 [δοῦναί
883 763 936 828 οἱ
985 761 1178 848 νέοις]

690 957 806 1024 vt.
859 955 919 1024 8.
971 959 1214 1026 Deletis
1261 960 1776 1050 magistellorum
1818 960 2280 1048 supplementis
2330 962 2679 1029 scribatur:
2738 963 2980 1043 είχοντο

599 1062 663 1127 δὲ
731 1063 958 1130 τούτων
1031 1067 1312 1146 Πριηνέες
1387 1067 1654 1134 δυώδεκα
1722 1067 1888 1141 νηυσὶ
1956 1067 2059 1132 καὶ
2126 1066 2423 1133 Μυούσιοι
2484 1068 2639 1147 τρισὶ
2706 1070 2933 1156 [νηυσὶ]
2958 1118 2979 1150 ,

599 1172 920 1235 Μυουσίων
1003 1171 1066 1238 δὲ
1150 1174 1326 1247 Τήιοι
1395 1174 1696 1260 [εἴχοντο]
1771 1175 2199 1240 ἑπτακαίδεκα
2274 1173 2548 1261 [νηυσὶ],
2643 1178 2847 1254 Τηίων
2915 1176 2979 1242 δὲ

607 1273 903 1364 [εἶχοντο]
957 1285 1084 1344 Χῖοι
1131 1280 1350 1345 ἑκατὸν
1406 1282 1656 1368 [νηυσί].

693 1474 803 1540 VI.
854 1474 896 1540 9
942 1476 1075 1542 οὐδὲ
1119 1478 1598 1560 βιαιότερον
1644 1477 1914 1555 ἕξουσι
1961 1481 2125 1546 οὐδὲν
2172 1481 2207 1556 ἣ
2258 1478 2539 1558 πρότερον
2587 1475 2842 1557 είχον.
2883 1477 2983 1547 Of.

601 1577 700 1645 lII
761 1580 844 1646 15
906 1587 1013 1647 τοῦ
1068 1589 1282 1649 λοιποῦ
1346 1584 1630 1651 διαιτᾶτο
1678 1585 1881 1666 ἔχων
1926 1586 2092 1652 οὐδὲν
2138 1585 2457 1670 βίαιον,
2505 1586 2619 1650 ubi
2666 1583 2981 1650 Mnemos.

601 1684 731 1751 XII
775 1707 924 1774 pag.
974 1688 1106 1754 406
1154 1691 1388 1756 iniuria
1430 1711 1544 1777 pro
1593 1689 1753 1771 ἔχων
1800 1694 2044 1757 tentavi
2083 1689 2438 1772 πάσχων.

697 1865 828 1945 VI,
883 1868 990 1948 ll,
1051 1871 1081 1935 l
1136 1871 1237 1936 ἐπὶ
1285 1869 1461 1950 ξυροῦ
1508 1873 1635 1952 γὰρ
1681 1875 1891 1948 nixum
1939 1871 2238 1952 ἔχεται
2289 1875 2433 1949 ἡμῖν
2473 1870 2559 1936 τὰ
2606 1870 2986 1950 πρήγμοιτω.

610 1969 778 2050 Quid
843 1975 967 2038 sibi
1015 1973 1175 2041 velit
1217 1979 1287 2043 in
1334 1977 1452 2044 hac
1499 1978 1778 2044 formula
1823 1979 2089 2045 verbum
2138 1977 2365 2061 ἔχεται
2413 1997 2762 2062 numquam
2808 1978 2989 2062 potui

605 2075 1006 2166 intelligere,
1071 2103 1345 2169 cumque
1408 2091 1656 2170 praeter
1716 2085 1988 2151 Homeri
2038 2084 2246 2151 locum
2296 2085 2359 2149 K
2416 2082 2543 2148 173
2590 2103 2809 2148 omnes
2854 2086 2992 2148 eius

605 2183 1000 2251 imitationes
1057 2207 1214 2272 quas
1265 2190 1345 2255 ad
1408 2189 1468 2254 h.
1524 2190 1565 2255 1.
1629 2199 1909 2256 recenset
1972 2189 2469 2256 Valckenaerius
2517 2191 2876 2273 conspirent
2920 2190 2991 2252 in

609 2290 802 2355 verbo
848 2288 1172 2370 ἵστασθαι,
1224 2295 1430 2360 facilis
1489 2303 1585 2361 est
1645 2299 1923 2382 suspicio
1974 2296 2299 2362 Herodoto
2353 2315 2601 2380 quoquc
2654 2297 2991 2360 restituen-

607 2393 760 2460 dum
823 2417 957 2464 csse
1007 2395 1288 2466 ἵσταται.
1359 2401 1503 2466 Nisi
1549 2402 1709 2467 forte
1758 2423 1982 2468 verum
2030 2402 2197 2469 vidit
2247 2399 2522 2468 Gentius
2572 2399 2883 2467 Mnemos.
2934 2422 2987 2466 a.

613 2495 810 2586 1857,
857 2524 1002 2592 pag.
1054 2503 1186 2570 439
1233 2504 1464 2572 leniter
1510 2528 1657 2573 sane
1692 2529 2044 2596 proponens
2091 2507 2477 2590 ὃχέετωι,
2528 2505 2605 2572 cl.
2649 2508 2847 2576 Arist.
2870 2505 2987 2592 Eq.

616 2604 790 2673 1244
838 2615 904 2675 et
947 2608 1295 2699 Gerytadis
1341 2614 1418 2679 fr.
1467 2634 1567 2701 ap.
1617 2615 1773 2681 Ath.
1826 2614 1957 2681 XII
2013 2611 2083 2682 O.

702 2786 820 2853 VI.
875 2788 981 2857 13.
1030 2789 1103 2859 In
1150 2792 1416 2859 eandem
1464 2814 1610 2861 cum
1661 2792 1902 2862 Cobeto
1945 2794 2289 2861 incideram
2330 2795 2752 2882 suspicionem
2800 2795 2995 2862 verba

607 2892 879 2961 ἐδέκοντο
943 2896 1082 2968 τοὺς
1146 2896 1368 2978 λόγους
1425 2900 1885 2985 transponenda
1955 2920 2089 2966 esse
2166 2906 2309 2987 post
2392 2907 2780 2975 Συλοσῶντος
2802 2947 2818 2980 ,
2900 2902 2994 2967 ita

609 3006 824 3068 tamen
880 3009 956 3069 ut
1017 3024 1144 3070 non
1201 3010 1454 3071 tantum
1515 3005 1736 3083 λόγους
1796 3011 1939 3093 post
1984 3006 2263 3092 ἔπεμπε,
2312 3007 2420 3073 sed
2468 3006 2669 3073 simul
2713 3010 2991 3074 otiosum

610 3129 840 3175 nomeu
888 3109 915 3174 ὅ
967 3109 1206 3186 Αἰάκης
1255 3110 1554 3177 delerem.

696 3289 818 3358 VI.
893 3293 977 3358 14
1036 3294 1180 3359 init.
1247 3295 1324 3365 ὡς
1387 3292 1452 3359 δὲ
1519 3292 1623 3359 καὶ
1685 3295 1961 3375 ἀγχοῦ
2009 3292 2408 3373 ἐγένοντο.
2478 3292 2856 3360 Constanter
2902 3292 2995 3359 Η.

607 3400 861 3484 ἀγχοῦ,
923 3397 1275 3481 ἀγχοτάτω
1322 3404 1388 3466 et
1433 3397 1768 3484 ἄγχιστα,
1815 3420 2129 3487 nusquam
2178 3399 2378 3479 ἐγγύς
2426 3400 2739 3479 ἐγγυτέρω
2788 3402 2992 3479 ἐγγυ-

604 3503 776 3570 τάτω
817 3511 1100 3592 usurpat.
1167 3504 1372 3587 Quare
1419 3505 1601 3572 valde
1647 3506 1813 3573 mihi
1862 3517 2155 3593 suspecta
2192 3512 2289 3573 est
2326 3508 2639 3593 scriptura
2674 3505 2738 3572 11
2768 3504 2889 3572 121
2920 3506 2991 3595 a)
3032 3588 3045 3597 ·

605 3610 731 3677 οὐδ’
782 3610 1038 3690 ἔγγὺς
1087 3612 1303 3678 ἐλθεῖν.

697 3792 813 3859 VI.
884 3792 967 3858 16
1030 3794 1336 3871 πανδημεὶ
1401 3792 1550 3860 libri
1614 3799 1680 3860 et
1727 3794 2057 3860 editiones.
2127 3792 2329 3861 Unice
2375 3812 2603 3860 verum
2651 3814 2784 3859 esse
2832 3816 2994 3858 ποιν-

605 3899 757 3976 aaa!
774 3947 790 3977 ,
843 3901 954 3966 sed
1009 3906 1228 3967 contra
1272 3900 1529 3980 ἀμαχεί
1575 3902 1718 3966 sim.
1772 3900 1967 3986 probe
2012 3904 2261 3966 constat
2307 3920 2385 3964 ex
2436 3898 2646 3965 titulis
2693 3900 2994 3986 antiquis.

694 4079 810 4146 Vl.
863 4080 947 4148 15
996 4087 1162 4147 extr.
1210 4085 1351 4160 μετ’
1402 4081 1628 4160 ὀλίγων
1679 4079 2096 4167 [συμμάχων]
2148 4087 2214 4147 et
2260 4088 2378 4147 τῶν
2423 4081 2737 4164 σφετέρων
2796 4061 2997 4167 [νεῶν]

604 4187 724 4261 τὰς
776 4191 1072 4259 πλεῦνας.

691 4367 814 4435 vl.
872 4369 976 4436 19.
1026 4368 1103 4436 Iu
1151 4370 1390 4437 oraculi
1438 4393 1533 4438 vs.
1583 4368 1626 4435 2
1676 4391 1790 4457 pro
1840 4377 2158 4437 πολλοῖσιν
2204 4369 2654 4459 corrigendum
2694 4390 2831 4437 esse
2888 4375 3002 4436 aut

604 4475 818 4556 ὄρνισιν
863 4480 976 4543 aut
1013 4478 1230 4550 οἰωνοῖς
1275 4478 1703 4544 demonstrare
1743 4485 2007 4546 conatus
2048 4499 2195 4544 sum
2242 4480 2446 4544 Coma.
2498 4478 2643 4541 Oria.
2686 4498 2746 4563 p.
2782 4475 2860 4543 ll
2906 4496 3001 4561 sq.
