3436 5161
1419 438 1814 489 mono-rus.
2717 414 2805 488 27

419 602 778 691 plementis.
849 603 1110 671 Scilicet
1153 609 1378 670 neutra
1424 604 1614 671 lectio
1659 607 1939 692 genuina
1987 611 2106 681 est,
2162 626 2359 691 eaque
2407 602 2615 671 deleta
2660 608 2795 671 tam

419 713 674 791 πρήσσει
722 734 914 798 quam
962 711 1355 791 βαλλόμενον
1405 713 1562 777 bene
1608 712 1819 777 habet.
1892 711 2165 777 Dederat
2206 710 2604 777 Herodotus:
2648 712 2803 777 ἀλλ’

421 817 587 896 εἴπερ
652 843 711 884 τι
760 824 986 885 τοιοῦτο
1034 816 1149 883 οἷον
1193 818 1270 883 σὺ
1318 818 1561 896 εἴρηκας
1611 822 1957 899 πρήσσει
2005 818 2033 883 ὁ
2080 819 2227 895 ἐμὸς
2276 821 2629 897 ἐπίτροπος,
2679 818 2797 884 ἴσθι

421 924 608 990 αὐτὸν
675 926 770 989 ἐπ’
834 927 1056 990 ἑωυτοῦ
1117 923 1673 1003 βαλλόμενον,
1742 924 1889 987 scito
1936 946 2063 988 eum
2101 925 2348 1008 proprio
2398 926 2491 988 uti
2536 926 2799 989 consilio·

420 1030 505 1097 Et
564 1052 856 1117 praesens
917 1034 1170 1108 πρήσσει
1231 1029 1644 1097 confirmatur
1701 1031 2114 1115 sequentibus
2176 1028 2321 1103 ὅκως
2388 1053 2448 1094 τι
2510 1031 2801 1105 Μιλήσιοι

421 1135 525 1201 καὶ
575 1137 602 1203 ὃ
651 1137 797 1215 ἐμὸς
845 1138 1165 1215 ἐπίτροπος
1217 1138 1492 1216 νεώτερον
1540 1140 1994 1217 πρήσσουσι
2044 1134 2182 1201 κτέ.

511 1347 582 1413 V.
641 1348 787 1415 126.
839 1348 1008 1416 Vere
1053 1350 1312 1435 quidem
1363 1346 1640 1417 Oobetus
1683 1349 1837 1414 libri
1878 1344 1995 1413 Vti
2036 1353 2284 1435 partem
2325 1347 2631 1414 ultimam
2658 1347 2805 1414 inde

435 1476 473 1520 a
517 1458 724 1541 capite
776 1455 902 1522 109
952 1458 1190 1521 eximie
1236 1456 1537 1521 traditam
1585 1476 1720 1521 esse
1768 1474 1805 1519 a
1848 1455 2165 1539 librariis,
2216 1456 2325 1520 sed
2366 1459 2577 1520 tamen
2623 1475 2811 1542 aegre

431 1562 598 1626 mihi
647 1561 989 1647 persuadeo
1037 1572 1168 1626 tam
1218 1562 1479 1626 obscure
1523 1562 1794 1627 scribere
1832 1563 2114 1647 potuisse
2152 1558 2580 1625 clarissimum
2622 1563 2811 1645 scrip-

431 1670 632 1730 torem
674 1687 867 1750 quam
906 1665 1096 1732 hodie
1135 1669 1370 1750 scripta
1407 1666 1712 1752 leguntur
1753 1667 1890 1749 ipsa
1926 1665 2157 1730 ultima
2192 1666 2387 1729 huius
2410 1664 2558 1729 libri
2583 1666 2813 1743 verba,

432 1790 592 1856 quae
655 1773 746 1835 sic
807 1772 1080 1836 habent:
1145 1772 1212 1835 ἐκ
1272 1771 1332 1836 δὲ
1382 1772 1616 1843 ταύτης
1665 1770 1728 1857 (e
1776 1769 2073 1857 Thracia)
2120 1769 2475 1850 ὃρμεόμενος
2528 1770 2812 1835 ἀπόλλυ-

427 1898 532 1949 ται
584 1875 698 1939 ὑπὸ
749 1876 1018 1952 Θρηίκων
1065 1877 1249 1948 αὑτός
1299 1901 1370 1941 τε
1422 1876 1476 1963 [ὅ
1531 1874 2011 1961 Ἀρισταγόρης]
2060 1876 2165 1941 καὶ
2216 1877 2245 1941 ὅ
2293 1876 2515 1951 ςρατὸς
2576 1878 2812 1957 αὐτοῦ,

427 1979 605 2045 πόλιν
652 1982 1132 2060 περικατήμενος
1196 1983 1300 2047 καὶ
1363 1982 1881 2059 βουλομένων
1935 1987 2051 2045 τῶν
2102 1981 2374 2059 Θρηίκων
2424 1982 2809 2049 ὑποσπόνδων

423 2084 666 2164 ἐξιέναι.
751 2086 901 2153 Non
961 2088 1132 2153 enim
1200 2109 1278 2154 ex
1327 2089 1443 2153 hac
1491 2087 1811 2153 Thracum
1856 2090 2165 2152 voluntate
2208 2094 2503 2174 apparet,
2552 2092 2811 2173 opinor,

423 2193 535 2277 qui
581 2190 715 2257 fieri
767 2194 1046 2278 potuerit
1096 2202 1168 2258 nt
1212 2200 1278 2260 et
1323 2196 1549 2260 urbem
1591 2194 2021 2278 relinquerent
2060 2199 2126 2259 et
2165 2194 2523 2259 obsidentes
2562 2214 2814 2261 securos

423 2300 854 2382 opprimerent
899 2297 1420 2385 conficerentque.
1467 2300 1819 2365 Dicendum
1869 2298 2079 2365 fuerat
2121 2302 2288 2365 int-er
2330 2308 2629 2386 utrosque
2670 2319 2814 2366 con-

432 2404 712 2481 venisse,
777 2410 853 2469 ut
913 2404 1266 2473 Thracibus
1329 2406 1733 2476 ὑποσπόνδους
1785 2403 2007 2482 ἐξιέναι
2058 2403 2312 2482 liceret,
2360 2427 2475 2472 nec
2522 2406 2650 2473 fere
2696 2408 2817 2472 du-

425 2507 564 2573 bito
620 2511 774 2595 quin
838 2508 1202 2575 Herodotus
1262 2512 1582 2596 scripserit
1640 2512 1743 2576 καὶ
1806 2512 2315 2587 συνθεμένων
2374 2519 2489 2577 τῶν
2549 2512 2821 2592 Θρηίκων

428 2615 813 2680 ὑποσπόνδων
864 2614 1106 2692 ἐξιέναι.
1178 2616 1568 2704 Pepigerant
1626 2617 1696 2682 id
1741 2616 2049 2690 Thraces.
2100 2618 2209 2682 sed
2252 2621 2541 2704 pactione
2579 2619 2819 2686 violata

427 2720 874 2808 Aristagoram
937 2741 1209 2806 suosque
1269 2722 1648 2787 occiderunt.
1742 2722 1950 2802 Quam
2007 2730 2220 2789 autem
2279 2724 2540 2789 obscure
2585 2725 2819 2790 habeat

425 2825 696 2914 vulgata
762 2827 866 2893 vel
927 2827 1074 2893 inde
1125 2835 1384 2914 apparet
1431 2829 1598 2913 quod
1645 2828 2029 2914 quibusdam
2081 2827 2324 2912 placuit
2369 2830 2524 2895 haec
2573 2831 2816 2896 versio:

425 2955 554 2998 oum
599 2933 875 3017 oppidum
920 2933 1170 3019 aliquod
1213 2935 1538 3014 obsideret,
1585 2935 1829 3000 reiectis
1872 2935 2307 3000 conditionibus
2320 2984 2336 3015 ,
2387 2937 2594 3022 quibus
2632 2935 2816 3000 Thra·

426 3061 520 3103 cce
564 3041 837 3105 medere
881 3039 1096 3124 oppido
1142 3041 1478 3106 volwant.

1351 3288 1437 3338 u>
1480 3287 1729 3338 mauu
1776 3269 1889 3339 VI.

521 3462 642 3530 VI.
695 3467 755 3532 ·l
827 3465 856 3530 ὃ
929 3465 990 3530 δὲ
1062 3465 1390 3553 (Hippias)
1460 3465 1602 3532 οὔτε
1667 3468 1891 3533 εἰδέναι
1962 3465 2122 3548 ἔφη,
2192 3465 2559 3548 ἐθώμαζέ
2614 3491 2685 3532 τε
2744 3463 2816 3532 τὸ

429 3571 686 3648 γεγονὲς
745 3573 821 3643 ὥς
884 3571 1050 3637 οὐδὲν
1104 3571 1273 3646 δῆθεν
1334 3579 1450 3638 τῶν
1514 3574 1857 3651 παρεόντων
1922 3571 2313 3653 πρηγμάτων
2375 3573 2810 3651 ἐπιστάμενος.

429 3675 659 3742 Nescio
723 3697 802 3742 an
866 3679 1077 3742 verius
1137 3680 1260 3743 sit:
1327 3679 1354 3742 ὃ
1413 3678 1473 3743 δὲ
1540 3678 1676 3745 οὔτε
1727 3677 1947 3745 sturae
2000 3679 2120 3762 ἔφη
2170 3677 2580 3760 θωμάζειν
2624 3701 2694 3743 τε
2742 3679 2811 3744 τὸ

429 3782 730 3862 γεγονός,
779 3784 856 3854 ὣς
903 3783 1036 3849 xri.

521 3993 634 4063 Vl.
694 3995 734 4061 5
781 3997 922 4062 init.
984 3999 1269 4063 Ἱστιαῖον
1314 3997 1379 4063 δὲ
1424 3997 1660 4072 ταύτης
1710 3997 2175 4079 ἀποσφαλέντα
2222 4004 2331 4072 τῆς
2387 3996 2629 4068 ἐλπίδος
2684 4003 2816 4062 Χῖοι

433 4111 710 4182 κατῆγον
773 4103 834 4174 ἐς
893 4103 1176 4173 Μίλητον
1239 4105 1428 4170 αὐτοῦ
1493 4105 1849 4192 [Ἱστιαίου]
1923 4104 2247 4178 δεηθέντος.
2365 4101 2619 4168 Nomen
2680 4122 2819 4188 pro·

436 4211 647 4294 prium
695 4211 910 4294 inepte
957 4209 1258 4276 abundat.

525 4314 681 4380 Post
739 4335 942 4401 pauca
997 4317 1286 4402 sequitur
1343 4317 1745 4394 τιτρώσκεται
1813 4316 2194 4402 (Histiaeus)
2256 4315 2359 4380 τὸν
2421 4313 2607 4392 μηρὸν
2672 4312 2818 4380 ὑπό

434 4443 574 4486 τευ
638 4425 786 4485 τῶν
845 4422 1186 4498 Μιλησίων.
1281 4422 1796 4510 Quotusquisque
1855 4431 1952 4489 est
2016 4424 2126 4509 qui
2186 4423 2438 4509 ignoret
2508 4417 2820 4485 Herodoti

435 4545 570 4593 esse
627 4526 900 4593 seribere
966 4527 1113 4593 ὑπὸ
1175 4533 1320 4594 τῶν
1368 4552 1506 4594 τευ
1572 4525 1937 4604 Μιλησίωνῗ
2018 4527 2171 4595 Mox
2227 4546 2617 4616 supervacua
2666 4527 2817 4594 reci·
