3436 5161
626 330 762 401 2¹70
1485 355 1761 405 rmvws
1790 354 2137 406 Josnrnus.

624 518 1019 598 αἰκισάμενος
1069 522 1178 595 την
1223 520 1433 602 ἑτέραν
1478 547 1550 588 τε
1595 529 1714 588 τῶν
1761 531 1981 605 χειρῶν
2019 522 2339 604 ἀποκόψαι
2382 521 2683 596 κελεύσας
2726 522 2830 587 καὶ
2876 546 3011 603 κρε-

624 627 842 703 μοὶσας
905 628 974 692 ἐκ
1019 633 1126 692 τοῦ
1175 631 1496 709 τραχήλου
1523 679 1537 706 ,
1589 635 1853 696 τοιοῦτον
1901 631 2205 708 ἐξέβαλεν
2254 633 2398 712 πρὸς
2444 631 2585 702 τοὺς
2634 630 3011 698 ἀποςείλαν-

623 757 762 805 τας.
835 733 1022 799 Fides
1083 741 1298 800 tamen
1359 735 1602 802 violata
1659 745 1723 802 et
1769 738 1837 802 in
1885 759 1953 802 re
1998 739 2155 802 satis
2199 737 2329 802 levi
2377 756 2577 822 poena
2624 736 2768 821 plus
2813 755 3009 820 quam

623 859 898 924 aequum
947 846 1083 905 erat
1127 841 1350 906 acerba
1364 861 1381 918 ;
1429 841 1538 907 sed
1584 845 1678 907 ita
1722 849 1820 908 est
1863 842 1903 908 J
1906 842 2213 927 osephus:
2263 845 2642 929 sanguinem
2690 845 2891 926 spirat
2944 847 3011 905 et

623 947 844 1012 statim
891 950 1160 1012 recurrit
1207 946 1284 1012 ad
1336 947 1568 1013 ultima
1611 947 1911 1014 remedia.
1986 947 2286 1014 Habebat
2332 949 2765 1014 adversarium
2814 967 3005 1031 quem

623 1054 893 1136 pessime
934 1051 1187 1131 oderat,
1225 1052 1582 1120 Johannem
1625 1052 2095 1142 Gisgalensem.
2144 1055 2272 1121 Διοὶ
2309 1055 2575 1136 κηρύκων
2614 1055 3003 1130 ἀπειλήσας,

620 1165 737 1224 τῶν
799 1158 961 1232 ἐντὸς
1025 1159 1254 1240 ἡμέρας
1317 1160 1611 1238 πέμπτης
1677 1163 1768 1238 μη
1829 1161 2303 1228 καταλιπόντων
2370 1161 2475 1226 τὸν
2522 1159 2837 1239 Ἰωάννην,
2885 1161 3007 1234 τοὶς

621 1289 694 1330 τε
753 1266 960 1338 οὐσίας
1025 1264 1384 1348 διαρπάσειν
1431 1266 1535 1332 κα)
1587 1268 1704 1339 τὰς
1755 1269 1947 1340 οἰκίας
1998 1263 2139 1346 ἅμα
2188 1275 2330 1341 ταῖς
2379 1275 2626 1347 γενεαῖς
2675 1267 3007 1350 καταφλέ-

623 1369 776 1451 ξειν,
844 1373 1222 1454 τρισχιλίους
1279 1375 1394 1450 μὲν
1441 1376 1642 1439 αὐτῶν
1688 1373 2001 1450 απέςησεν
2049 1373 2259 1449 εὐθέως
2282 1425 2299 1460 ,
2351 1381 2681 1460 ceteraque
2727 1373 2807 1440 ad
2854 1394 3007 1440 eun-

621 1478 766 1544 dem
814 1479 1100 1546 modum.

712 1584 839 1651 Sed
884 1587 1158 1652 frontem
1205 1587 1520 1654 exhilarat
1564 1588 1909 1655 interdum.
1982 1589 2155 1656 Audi
2202 1587 2530 1655 oculatum
2570 1592 2798 1654 testem
2838 1586 3004 1653 Bell.

620 1691 773 1758 Jud.
841 1690 900 1755 3.
968 1691 1030 1760 ’7.
1079 1691 1202 1757 23:
1255 1696 1522 1772 πληγείς
1569 1719 1665 1766 τις
1715 1695 1834 1761 ὑπὸ
1881 1701 1987 1760 τοῦ
2036 1695 2502 1776 μηχανήματος
2552 1700 2671 1758 τῶν
2718 1693 2849 1774 περὶ
2898 1691 3003 1756 τὸν

625 1797 913 1871 Ἰώσηπον
973 1799 1208 1866 ἓςώτων
1270 1800 1394 1864 ἄνα
1457 1803 1528 1866 τὸ
1591 1809 1846 1883 τεῖχος,
1895 1802 2342 1882 ἀπαράσσεται
2390 1803 2498 1875 τὴν
2547 1803 2835 1880 κεφαλὴν
2886 1801 3001 1866 ὑπὸ

621 1909 733 1976 τῆς
772 1902 1003 1984 πέτρας
1045 1905 1150 1970 καὶ
1192 1905 1263 1970 τὸ
1298 1909 1532 1988 κρανίον
1569 1908 1695 1972 ἀπὸ
1736 1907 1908 1996 (lege
1948 1909 2077 1994 ἐπὶ)
2117 1914 2289 1989 τριῶν
2316 1906 2716 1987 ἐσφενδονήθη
2742 1906 3001 1974 ςαδίων·

624 2009 916 2087 γυναικός
960 2033 1032 2074 τε
1081 2015 1218 2088 μεθ’
1265 2013 1496 2092 ἡμέραν
1543 2014 1721 2100 (quid
1763 2014 1881 2080 hoc
1919 2012 2083 2098 est?)
2130 2015 2463 2092 ἐγκύμονος
2506 2015 2851 2091 πληγείσης
2894 2013 3003 2087 τὴν

623 2116 901 2200 yae-ipa,
948 2120 1151 2200 προῄει
1199 2117 1260 2182 δὲ
1309 2119 1432 2184 νέον
1482 2117 1552 2196 ἐξ
1598 2121 1823 2196 οἰκίας,
1875 2119 2175 2196 ἐξέσεισεν
2221 2121 2324 2201 ἐφ’
2376 2120 2693 2196 ήμιςαδιον
2740 2119 2810 2185 τὸ
2854 2117 3005 2200 βρέ-

621 2228 774 2303 Φος·
834 2225 1106 2299 τοσαύτη
1153 2221 1222 2298 ἦν
1271 2231 1378 2288 τοῦ
1427 2225 1747 2304 λιθοβόλου
1794 2227 1933 2303 βία.
2006 2225 2145 2307 Quo
2193 2229 2407 2292 animo
2453 2226 2755 2292 ridiculas
2799 2245 3005 2312 nugas

621 2328 854 2416 legisse
915 2331 1288 2414 putabimus
1352 2331 1807 2416 Imperatorem
1872 2331 2095 2397 Titum
2154 2331 2261 2399 vel
2322 2334 2679 2419 Agrippam
2742 2326 3039 2417 regem?⁴

619 2433 861 2501 Taedet
904 2435 981 2500 de
1030 2435 1149 2502 hoc
1192 2459 1423 2524 genere
1471 2436 1656 2524 plura
1699 2438 2078 2522 describere,
2126 2439 2233 2504 sed
2282 2438 2493 2504 solum
2535 2437 2765 2503 addam
2786 2487 2805 2511 ‚
2854 2438 3003 2519 quia

618 2539 905 2627 lepidum
969 2549 1102 2628 est,
1162 2542 1512 2630 Josephum
1573 2544 1727 2610 dum
1790 2543 2045 2610 Bellum
2100 2543 2441 2611 Judaicum
2492 2544 2826 2621 scriberet,
2876 2561 3001 2608 non

619 2651 775 2713 satis
811 2652 1180 2716 meminisse
1227 2651 1476 2736 quando
1521 2652 1808 2717 duxisset
1852 2671 2134 2717 uxorem.
2177 2650 2395 2717 Oratio
2432 2654 2567 2737 ejus
2605 2657 2702 2716 est
2742 2649 2821 2715 ad
2844 2649 3003 2713 Hie·

617 2754 1140 2841 rosolymitanos,
1205 2776 1329 2841 qua
1388 2760 1468 2821 iis
1529 2758 1904 2841 persuadere
1964 2765 2226 2823 conatur
2288 2764 2362 2823 ut
2425 2756 2647 2821 urbem
2694 2754 3002 2821 Romanis

617 2860 908 2938 tradant,
974 2861 1134 2927 Bell.
1200 2862 1351 2928 Jud.
1418 2864 1479 2925 5.
1529 2861 1592 2927 9.
1644 2865 1704 2926 4.
1778 2862 1873 2928 De
1918 2884 1993 2929 ea
2039 2864 2318 2929 oratione
2362 2883 2523 2949 quae
2570 2882 2761 2947 supra
2807 2880 3001 2945 quam

621 2967 789 3032 credi
835 2974 1044 3053 potest
1089 2967 1354 3053 puerilis
1401 2974 1531 3047 est,
1579 2968 1744 3034 nihil
1792 2969 1999 3035 dicam
2020 2990 2035 3047 3
2088 2968 2197 3035 sed
2234 2972 2301 3033 in
2342 2972 2522 3034 exitu
2560 2967 2716 3033 haec
2753 2986 3001 3052 quoque

619 3072 814 3139 Verba
873 3076 1117 3157 posuit:
1183 3070 1330 3138 οἶδα
1391 3072 1482 3139 ὅτι
1546 3098 1650 3151 μοι
1712 3074 2162 3152 συγκινδυνεύει
2208 3076 2407 3153 μήτηρ
2459 3072 2564 3137 καὶ
2617 3082 2719 3137 ΓΤ
2727 3080 2844 3137 ΝΗ
2895 3070 2999 3135 καὶ

619 3176 794 3257 γένος
853 3182 958 3243 οὐκ
1018 3177 1278 3256 ἄσημον.
1362 3180 1550 3245 Nunc
1611 3186 1781 3245 certe
1845 3180 2149 3245 dormit-at
2205 3182 2405 3246 bonus
2449 3179 2803 3265 Josephus,
2850 3198 2998 3242 nam

619 3306 744 3351 non
801 3292 936 3351 erat
997 3305 1158 3351 uxor
1215 3286 1685 3373 Hierosolymis
1742 3288 1993 3352 obsessa
2012 3334 2028 3365 ,
2094 3286 2173 3353 cf.
2226 3286 2351 3351 Vit.
2403 3288 2435 3371 ἓ
2487 3284 2595 3353 75.
2666 3284 3003 3349 Praeterea

617 3394 818 3477 patris
880 3390 1316 3476 obliviscitur,
1384 3414 1574 3477 quem
1635 3392 1891 3459 Zelotae
1952 3397 2017 3457 in
2074 3414 2381 3458 carcerem
2435 3394 2859 3476 conjecerant,
2917 3389 2997 3453 cf.

618 3496 780 3562 Bell.
827 3495 973 3561 Jud.
1029 3498 1090 3561 5.
1146 3496 1247 3562 13.
1301 3499 1375 3576 1,
1426 3501 1525 3563 uti
1573 3505 1638 3564 et
1683 3492 1987 3576 matrem,
2044 3498 2118 3563 cf.
2173 3498 2333 3564 Bell.
2379 3496 2529 3562 Jud.
2582 3496 2641 3561 5.
2699 3494 2803 3583 13.
2844 3494 2907 3559 3.

708 3602 972 3667 Praeter
1019 3624 1123 3668 eas
1166 3625 1264 3668 res
1311 3606 1543 3690 quibus
1588 3606 1881 3670 interfuit
1922 3608 2090 3689 ipse,
2125 3604 2439 3689 Josephus
2480 3606 2756 3689 optimos
2796 3602 2999 3666 fontes
3094 3592 3099 3595 ’

619 3708 782 3775 adiit
844 3728 1072 3793 eosque
1131 3709 1302 3774 haud
1365 3709 1780 3798 indiligenter
1845 3713 2196 3797 usurpavit.
2299 3710 2481 3789 Quod
2550 3708 2768 3774 sedulo
2838 3706 3001 3793 legit

619 3815 885 3883 Sacrum
951 3815 1288 3901 codicem,
1351 3816 1421 3882 id
1483 3820 1698 3882 minus
1744 3802 2087 3902 ⁴curamus3
2150 3836 2299 3882 nam
2364 3815 2444 3881 ad
2492 3814 2764 3879 eundem
2812 3812 3001 3877 hodie

617 3944 866 4012 quoque
928 3923 1140 3988 aditus
1199 3934 1296 3988 est
1357 3930 1420 3989 et
1484 3926 1608 3988 viri
1671 3924 1841 3989 docti
1901 3922 2217 3987 affirmant
2276 3920 2631 4005 Josephum
2697 3918 3001 4013 Hebraici

618 4032 928 4095 sermonis
971 4051 1098 4095 non
1143 4030 1338 4095 fuisse
1381 4031 1886 4114 peritissimum;
1934 4028 2039 4093 sed
2087 4026 2249 4114 legit
2296 4027 2537 4092 multos
2576 4027 2769 4091 libros
2809 4024 2999 4090 hodie

617 4136 1008 4218 deperditos,
1055 4134 1400 4220 Polybium
1425 4182 1439 4210 ‚
1492 4134 1818 4201 Strabonis
1866 4136 2186 4200 Historias
2206 4184 2222 4217 ,
2270 4133 2613 4199 Nicolaum
2657 4132 2995 4198 Damasce-

616 4260 812 4324 num,
855 4239 1229 4325 Vespasiani
1267 4244 1784 4317 commentarios,
1831 4240 2021 4325 alios,
2063 4240 2139 4305 de
2178 4242 2409 4325 quibus
2448 4260 2573 4305 non
2600 4246 2733 4304 tam
2756 4238 3001 4323 liquido

617 4353 884 4412 constat.
955 4344 1075 4412 Sed
1143 4368 1220 4411 ex
1274 4347 1549 4412 fontium
1597 4346 1970 4412 diversitate
2014 4348 2431 4431 repetendum
2481 4347 2781 4422 arbitror,
2832 4344 3001 4430 quod

615 4472 800 4537 saepe
860 4451 1120 4538 Josephi
1185 4460 1318 4518 tam
1365 4460 1516 4517 sunt
1549 4446 1733 4517 ‘fluxa
1781 4454 2054 4524 iudicia,
2106 4461 2181 4518 ut
2228 4456 2469 4519 nescias
2514 4460 2735 4516 utrum
2780 4450 3001 4515 laudet
