3436 5161
1346 363 1433 416 ai>
1477 365 1824 416 memmii.
2653 351 2780 418 109

478 529 633 619 Cap.
705 533 807 600 11.
868 523 931 606 ὃς
994 539 1335 616 καταγελᾷ
1396 537 1536 597 τοῦ
1596 532 1942 610 Κροίσου
1999 531 2104 598 καὶ
2152 542 2266 609 τῆς
2312 537 2776 616 μεγαλαυχίας

391 642 531 704 τοῦ
590 637 1035 720 βαρβάρου.
1110 638 1251 705 Hoc
1310 644 1441 706 est:
1501 642 1615 726 qui
1692 637 1970 704 Croesum
2030 639 2277 706 deridet
2321 647 2387 707 et
2432 643 2781 708 iactantiam

396 745 632 822 Ονοοείς
693 766 845 811 nam
904 744 1071 810 nihil
1132 745 1310 810 aliud
1373 749 1469 812 est
1516 746 1543 810 ὃ
1592 743 2048 826 βάρβαρος.
2124 745 2282 827 Quis
2329 769 2642 834 umquam
2687 752 2780 816 sic

388 849 710 938 loquitur?
792 851 1042 918 Verum
1106 852 1385 918 arbitror
1431 860 1523 928 τῆ
1543 876 1572 924 ς
1636 851 1982 933 βαρβάρου.
2070 850 2168 918 Of.
2233 853 2309 919 de
2367 853 2576 923 Domo
2628 878 2682 924 c.
2738 856 2777 922 5

384 957 556 1024 κατὰ
603 959 899 1040 Περσικὺν
946 953 1313 1037 αλαζονείαν
1360 958 1395 1034 ἣ
1443 957 1906 1035 βασιλικὴν
1953 963 2592 1041 μεγαλαυχίαν.

479 1169 633 1259 Gap.
702 1170 805 1238 12.
862 1172 967 1237 τὸν
1027 1171 1090 1236 δὲ
1151 1170 1378 1251 χρυσὸν
1434 1167 1604 1243 αὖθις
1651 1170 1842 1236 ὀπίσω
1891 1171 2370 1237 ἀνακαλεῖν.
2441 1173 2610 1240 Mire
2656 1175 2774 1241 hoc

388 1277 637 1346 dictum
684 1283 809 1346 est:
858 1301 1069 1343 aarum
1115 1298 1409 1344 revocare
1455 1298 1568 1363 pro
1612 1278 1693 1342 iis
1710 1325 1730 1362 ,
1775 1277 1882 1363 qui
1926 1299 2137 1342 aarum
2177 1285 2448 1363 portant.
2495 1279 2603 1346 An
2647 1282 2775 1348 fuit

386 1383 651 1451 fortasse
696 1381 1209 1463 αναλαβεῖνῗ
1278 1383 1437 1450 Mox
1480 1382 1899 1470 glossatorem
1947 1385 2203 1469 sapiunt
2248 1387 2553 1469 [κτῆμα
2593 1387 2760 1476 καὶ]

389 1487 656 1572 ἕρμαιον.

478 1702 633 1791 Gap.
702 1703 806 1772 13.
870 1700 1018 1769 ὅταν
1079 1704 1266 1769 αὐτὸν
1327 1702 1432 1784 δέῃ
1490 1702 1723 1770 ἁλόντα
1779 1702 1905 1767 ἐπὶ
1955 1703 2095 1777 τὴν
2139 1703 2347 1784 πυρα
2367 1728 2398 1769 ν
2446 1705 2591 1772 ὑπὸ
2637 1731 2720 1774 το
2740 1711 2774 1774 ῦ

386 1820 439 1876 Κ
463 1811 642 1892 ύρου
688 1811 1060 1889 ἀναχθῆναι.
1109 1809 1540 1895 Expectabam
1560 1809 1902 1906 jadus-a
1951 1807 2096 1874 ὑπὸ
2143 1814 2280 1874 τοῦ
2332 1811 2532 1892 Κύρο
2553 1837 2607 1877 υ.
2649 1811 2777 1880 Sed

384 1920 599 2002 potius
644 1917 901 1984 videtur
947 1914 1199 1981 inutilis
1244 1915 1599 2004 magistelli
1641 1914 2163 1984 adnotatiuncula
2172 1935 2190 1994 ς
2237 1917 2568 1983 cuiusnam
2595 1922 2774 1985 iussu

384 2022 679 2089 futurum
740 2027 905 2089 esset
972 2026 1047 2086 ut
1093 2042 1247 2109 rogo
1294 2024 1730 2107 imponeretur
1750 2070 1769 2107 ‚
1815 2023 1972 2086 satis
2018 2026 2278 2107 apparet
2325 2042 2404 2088 ex
2449 2027 2771 2111 sequenti-

384 2129 540 2198 bus:
589 2137 922 2212 Κροῖσον
968 2128 1115 2208 μὲν
1167 2129 1328 2194 ἁλῶ
1349 2150 1474 2194 ναι
1525 2127 1678 2194 ὑπὸ
1726 2127 2004 2209 Κύρου.

476 2341 628 2430 Gap.
697 2341 805 2409 16.
869 2338 1040 2415 οὗτος
1103 2341 1166 2408 δέ
1192 2389 1386 2408 .....
1450 2343 1520 2417 ἢν
1583 2341 1688 2406 καὶ
1755 2339 1961 2421 πέσῃ
2006 2340 2298 2421 ἀψοφητὶ
2345 2343 2767 2442 κείσεται,

378 2449 563 2528 μόλις
608 2448 712 2514 καὶ
762 2457 889 2522 τοῖς
935 2449 1207 2528 γείτοσιν
1256 2446 1717 2527 ἐξακουσθέντος
1766 2451 1874 2513 τοῦ
1913 2443 2378 2526 πτώματος.
2425 2447 2598 2516 Satis
2637 2445 2768 2519 evi-

380 2554 536 2623 dens
583 2575 755 2623 error
800 2576 917 2645 pro
962 2564 1385 2623 πεσεῖται.

472 2766 625 2855 Cap.
680 2768 786 2835 1¹7.
838 2767 979 2849 ἔζων
1027 2794 1098 2835 τε
1144 2768 1222 2833 ἂν
1269 2766 1748 2850 σωφρονέστερον
1798 2766 1901 2832 καὶ
1954 2762 2129 2841 ἧττον
2184 2772 2420 2845 ἠνιῶντο
2476 2769 2768 2836 αποθα-

378 2876 457 2941 νό
471 2899 555 2940 ντ
574 2900 673 2949 ες.
760 2874 995 2943 Contra
1058 2882 1339 2942 mentem
1402 2864 1728 2961 scriptoris
1789 2876 1882 2939 sic
1940 2873 2216 2960 legitur;
2283 2897 2432 2942 nam
2478 2882 2544 2942 et
2587 2898 2763 2963 prae-

374 3003 593 3069 gressa
655 2986 720 3048 et
780 2985 1107 3068 sequentia
1176 2980 1533 3048 luculenter
1604 2981 1946 3047 ostendunt
2013 3001 2139 3047 non
2209 2982 2286 3047 de
2356 2981 2568 3049 dolore
2622 2996 2766 3069 post

372 3098 613 3153 mortem
653 3090 758 3155 hio
797 3089 939 3177 agi,
980 3088 1092 3155 sed
1133 3089 1211 3154 de
1264 3090 1345 3153 iis
1392 3090 1504 3174 qui
1548 3089 1744 3155 inviti
1789 3093 1854 3154 et
1891 3086 2274 3155 reluctantes
2295 3110 2373 3155 ex
2399 3092 2535 3156 vita
2559 3090 2763 3157 disce-

375 3196 549 3262 dant.
618 3194 805 3263 Nihil
850 3194 1029 3261 aliud
1072 3195 1222 3260 huic
1269 3193 1407 3261 loco
1454 3196 1751 3262 convenit
1796 3213 1991 3280 quam
2030 3196 2715 3272 ἀποθνήσκοντες.

466 3408 617 3497 Gap.
668 3408 771 3477 18.
811 3410 1305 3477 Putidissimum
1350 3410 1672 3478 emblema
1696 3411 1995 3496 deturpat
2020 3409 2522 3496 pulcherrimum
2546 3404 2764 3475 locum

373 3516 453 3585 de
515 3520 791 3585 miseriis
850 3540 1101 3605 regum.
1185 3518 1511 3607 Regibus,
1566 3520 1689 3596 ait,
1759 3517 1952 3584 πλείω
2007 3522 2125 3582 τῶν
2174 3516 2354 3592 ἡδέων
2405 3516 2490 3581 τὰ
2537 3514 2763 3597 ἀνιαρὰ

374 3624 642 3707 εὑρήσεις
700 3626 1035 3707 προσόντα,
1102 3626 1338 3708 φόβους
1404 3620 1512 3690 καὶ
1559 3623 1858 3706 ταραχὰς
1905 3622 2008 3688 καὶ
2060 3623 2214 3702 μίση
2241 3622 2370 3689 -καὶ
2419 3620 2761 3700 ἐπιβουλὰς

372 3731 481 3797 καὶ
530 3732 720 3812 ὄργας
769 3731 876 3797 καὶ
924 3732 1255 3805 κολακείας
1284 3753 1300 3772 ·
1351 3732 1424 3797 ἐῶ
1472 3729 1653 3807 πένθη
1702 3729 1809 3796 καὶ
1861 3730 2062 3803 νόσους
2109 3730 2216 3796 καὶ
2265 3728 2432 3804 πάθη
2475 3726 2546 3805 ἐξ
2578 3730 2764 3793 ἰσοτι-

371 3839 525 3918 μίας
591 3838 824 3916 δηλαδῆ
888 3837 1167 3921 ἄρχοντα
1232 3839 1461 3904 αὐτῶν.
1554 3838 1650 3904 Ad
1713 3835 1798 3914 ἐξ
1868 3837 2194 3916 ίσοτιμί
2207 3860 2300 3910 ας
2348 3835 2763 3919 adscripscrat

368 3948 583 4011 nescio
645 3948 825 4031 quis:
886 3946 1205 4018 τούτοις
1272 3945 1426 4026 γὰρ
1489 3940 1859 4018 ἅπαντες
1917 3943 2316 4021 ξύνεισιν,
2381 3940 2549 4029 quod
2593 3961 2763 4008 nunc

368 4049 643 4118 ridicule
722 4056 867 4138 post
948 4074 1030 4117 κο
1047 4066 1088 4118 λ
1106 4076 1149 4116 α
1168 4076 1206 4116 κ
1223 4076 1252 4116 ε
1269 4052 1293 4117 ι’
1306 4076 1349 4116 α
1368 4076 1398 4125 ς
1472 4052 1920 4145 interpositum
2004 4046 2342 4115 charontis
2411 4048 2759 4113 orationem

369 4156 696 4243 discerpit.

464 4366 615 4456 Gap.
686 4369 792 4435 19.
850 4370 1232 4438 Rectissime
1291 4370 1344 4437 Β
1400 4372 1844 4459 importunum
1907 4394 1952 4435 α
1976 4367 2160 4437 ὖται
2209 4374 2356 4437 ante
2405 4370 2762 4454 ὑπερφυσώ-

364 4499 557 4557 μεναι
596 4479 860 4545 omittit.
