3436 5161
1264 383 1537 434 snmus
1583 382 1919 435 sosarnus.
2650 360 2785 430 269

404 548 748 630 ὑπερβολὴν
797 551 1002 626 ἡδονῆς
1048 552 1135 622 εἷς
1185 549 1420 632 δάκρυα
1469 551 1805 631 προέπεσε,
1857 548 2047 631 φύσει
2086 557 2197 626 τῆς
2235 548 2531 628 μεγάλης
2570 552 2779 630 καρέὶς

403 655 773 734 πασχούσης
822 656 928 720 καὶ
975 656 1064 720 τὰ
1109 661 1228 722 τῶν
1274 663 1550 736 λυπηρῶν
1587 657 1910 733 σύμβολα.
1981 655 2106 722 Sed
2144 661 2403 722 vetusta
2441 655 2597 721 haec
2636 659 2787 720 sunt

403 766 468 828 et
530 769 676 828 ante
721 762 761 828 J
764 763 1066 849 osephum
1117 765 1275 828 item
1325 763 1438 829 alii
1485 765 1632 829 boni
1679 763 1799 828 hoc
1846 763 2032 829 modo
2080 765 2337 829 mentiti
2377 769 2527 828 sunt
2573 765 2789 846 itaque

401 870 590 935 venio
637 867 714 935 ad
765 890 870 935 eas
915 891 1015 935 res
1061 890 1220 955 quas
1268 869 1435 936 vidit
1481 872 1636 955 ipse.

493 973 692 1060 Saepe
751 979 973 1041 scribit
1033 975 1072 1041 J
1075 976 1346 1062 osephus
1407 997 1602 1062 quam
1675 997 1858 1042 carus
1923 979 1990 1042 in
2064 975 2351 1042 Galilaea
2418 975 2791 1040 hominibus

401 1080 598 1146 fuerit
643 1083 992 1167 quantique
1039 1101 1223 1147 suam
1267 1083 1528 1147 fecerint
1575 1084 1641 1147 in
1681 1083 1979 1148 omnibus
2018 1083 2206 1150 rebus
2246 1085 2573 1149 virtutem.
2614 1079 2655 1146 J
2658 1101 2791 1146 ose-

403 1186 530 1271 pho
589 1187 800 1264 salvo,
863 1209 932 1253 se
994 1207 1244 1273 quoque
1307 1187 1517 1253 salvos
1579 1189 1712 1254 fore
1773 1188 2125 1274 perhibent.
2218 1187 2436 1254 Veluti
2504 1186 2788 1274 legimus

403 1291 566 1359 Bell.
631 1292 782 1358 Jud.
830 1293 892 1358 3.
947 1293 1008 1358 ¹7.
1061 1292 1182 1372 16,
1229 1294 1628 1379 prohibitum
1677 1315 1825 1360 eum
1874 1295 2103 1378 fuisse,
2154 1293 2495 1379 quominus
2540 1293 2789 1358 obsessa

403 1398 562 1464 urbe
619 1401 852 1476 exiret,
917 1400 1141 1486 fug-am
1209 1401 1382 1464 enim
1429 1420 1750 1485 capessere
1796 1400 2087 1466 voluerat
2104 1449 2119 1478 ,
2170 1400 2275 1466 sed
2330 1401 2625 1464 universa
2670 1397 2787 1463 cir-

404 1504 698 1570 cumfusa
761 1505 1112 1571 multitudo
1174 1527 1320 1571 eum
1385 1509 1594 1572 oravit
1653 1513 1728 1571 ut
1790 1511 2073 1572 maneret
2135 1510 2199 1572 et
2266 1527 2484 1571 seeum
2556 1504 2823 1570 ultima·

403 1613 830 1695 experiretur:
895 1611 1056 1676 οὐδὲν
1120 1613 1246 1692 γὰρ
1305 1611 1502 1689 ἠξίουν
1547 1613 1867 1677 πείσεσθαι
1910 1611 2093 1678 δεινὸν
2140 1615 2435 1686 Ἰωσήπου
2480 1610 2785 1687 μένοντος.

403 1714 595 1781 Visne
637 1719 797 1782 scire
836 1717 1150 1800 quomodo
1189 1715 1496 1784 Galilaeis
1535 1739 1674 1784 rem
1715 1720 2069 1784 restituerit
2113 1716 2630 1803 incomparabilis
2673 1715 2788 1782 ille

401 1819 790 1906 imperator?
859 1822 1104 1908 Inspice
1150 1822 1315 1888 Bell.
1360 1822 1514 1890 Jud.
1561 1822 1623 1889 2.
1676 1824 1784 1888 21.
1836 1825 1897 1889 3.
1968 1825 2247 1890 Fuerant
2292 1824 2451 1889 forte
2489 1825 2555 1887 in
2613 1820 2787 1887 Jose·

397 1925 606 2014 'phum
653 1930 750 1995 ira
795 1933 1040 1996 accensi
1083 1933 1190 2015 qui
1233 1951 1375 1996 eam
1414 1934 1743 2019 regionem
1784 1933 2113 2012 tenebant3
2158 1935 2368 1998 tenuis
2405 1951 2593 1998 causa
2616 1935 2753 1995 erat
2770 1977 2789 2014 ,

402 2034 512 2100 sed
559 2055 776 2102 omnes
815 2036 1042 2103 ducem
1083 2058 1273 2102 suum
1313 2038 1687 2122 proditionis
1722 2039 2203 2106 insimulabant.
2270 2037 2495 2123 Itaque
2532 2055 2787 2102 summo

402 2161 592 2206 mane
655 2139 1033 2207 Tarichaeas
1098 2143 1178 2208 ad
1245 2164 1391 2208 eum
1459 2164 1533 2209 ex
1599 2147 1827 2210 vicinis
1872 2145 2138 2210 urbibus
2184 2144 2511 2210 confluunt
2555 2154 2785 2206 centum

405 2248 602 2312 millia
663 2246 999 2313 hominum
1021 2295 1038 2327 ,
1098 2247 1248 2314 δέκα
1309 2249 1619 2328 μυριάδες.
1697 2249 1865 2316 Sunt
1912 2271 2130 2317 omnes
2174 2253 2355 2336 quasi
2400 2252 2611 2316 furore
2656 2268 2788 2314 cor-

399 2355 600 2437 repti:
667 2354 787 2419 hoc
831 2357 1050 2442 agitur
1093 2360 1167 2420 ut
1211 2355 1494 2441 proditor
1538 2358 1781 2441 patriae
1829 2359 2017 2423 vivus
2064 2358 2493 2421 comburatur.
2561 2353 2787 2442 Surgit

403 2459 482 2524 de
545 2459 710 2525 lecto
772 2459 1089 2546 Josephus
1147 2469 1212 2526 et
1271 2464 1466 2526 sentit
1535 2483 1602 2526 se
1669 2463 1749 2527 ab
1816 2464 2115 2528 omnibus
2187 2461 2381 2526 fuisse
2446 2459 2782 2526 relictum:

404 2564 639 2648 ἔφυγον
705 2568 868 2641 πλην
927 2567 1238 2650 τεσσάρων
1302 2566 1558 2640 πάντες.
1607 2568 1854 2635 Prodit
1897 2570 1965 2633 in
2012 2569 2375 2653 concionem
2428 2563 2784 2647 περιρρηξά-

403 2695 584 2750 μενος
645 2673 757 2747 μὲν
820 2675 930 2747 την
1001 2674 1264 2752 ἐσθῆτα,
1328 2674 1858 2751 καταμησοὶμενος
1920 2674 1984 2738 δὲ
2045 2682 2157 2749 τῆς
2229 2681 2516 2753 κεφαλῆς
2588 2672 2781 2747 κόνιν,

403 2780 765 2859 ἀποτρέψας
831 2779 884 2845 δ’
949 2780 1138 2845 ὀπίσω
1199 2781 1316 2853 τὰς
1378 2787 1598 2861 χεῖρας
1663 2780 1769 2843 καὶ
1815 2780 1885 2844 τὸ
1934 2778 2079 2845 ίδιον
2124 2777 2303 2860 ξίφος
2354 2778 2649 2854 ἐπιδήσας
2698 2780 2783 2859 τῷ

402 2884 652 2952 τένοντι.
723 2885 965 2952 Deinde
1025 2886 1256 2953 callida
1315 2889 1596 2954 oratione
1657 2887 1882 2964 efficit,
1946 2894 2021 2951 ut
2082 2886 2375 2951 homines
2431 2888 2600 2951 inter
2651 2905 2785 2950 sese

403 2991 736 3057 dissentire
811 2994 1121 3078 incipiant
1173 2998 1438 3081 jamque
1497 3000 1676 3059 erant
1761 2992 2323 3059 Tarichaeatarum
2386 2992 2787 3078 quadraqinta

401 3098 634 3175 millia,
703 3100 814 3182 qui
879 3098 1026 3164 duci
1083 3119 1197 3165 suo
1259 3101 1416 3165 bene
1478 3101 1838 3184 cupiebant.
1916 3098 2273 3165 Remanent
2342 3098 2600 3163 tandem
2669 3099 2787 3161 duo

404 3207 603 3269 millia
622 3253 638 3283 ,
686 3208 799 3291 qui
845 3206 1144 3272 invadere
1189 3213 1494 3271 conantur
1541 3206 1808 3273 domum
1828 3252 1845 3284 ,
1892 3225 2017 3290 quo
2066 3205 2238 3270 ferox
2287 3211 2352 3270 et
2399 3224 2539 3270 acer
2585 3205 2788 3270 dicta-

403 3318 506 3377 tor
566 3332 702 3377 sese
763 3314 1176 3397 proripuerat.
1267 3311 1634 3397 Alloquitur
1696 3312 2027 3378 seditiosos
2088 3310 2331 3376 milites
2386 3311 2465 3377 de
2508 3316 2679 3377 tecto
2726 3316 2789 3375 et

405 3422 591 3505 rogat
639 3422 712 3481 ut
758 3417 988 3483 delecti
1034 3420 1160 3483 viri
1205 3417 1284 3484 ad
1332 3439 1397 3483 se
1444 3421 1736 3493 veniant,
1787 3419 2167 3503 quibuscum
2217 3417 2296 3483 de
2342 3417 2791 3484 communibus

405 3522 746 3610 postulatis
803 3523 1128 3590 deliberet.
1215 3528 1422 3588 Ταῦτ’
1486 3524 1860 3596 ἀκούσαντες
1916 3526 1967 3589 οἱ
2014 3524 2299 3603 γνώριμοι
2350 3524 2458 3588 σὺν
2504 3531 2631 3598 τοῖς
2680 3521 2789 3604 ἄρ-

405 3652 622 3708 χουσιν
671 3630 941 3711 εἰσῇσαν.
1013 3632 1090 3693 ‘O
1142 3630 1204 3694 δὲ
1253 3630 1438 3710 σύρας
1484 3632 1710 3702 αὐτοὺς
1760 3632 1845 3702 εἷς
1892 3632 1960 3695 τὸ
2000 3630 2403 3710 μυχαίτατον
2444 3638 2551 3705 τῆς
2596 3629 2789 3701 οἰκίας

407 3735 515 3799 καὶ
563 3735 674 3808 την
718 3734 964 3800 αὔλειον
1010 3735 1371 3808 ἐπικλείσας
1421 3737 1813 3814 ἐμαςίγωσεν
1861 3734 2052 3817 μέχρι
2099 3734 2347 3800 πάντων
2392 3736 2479 3801 τα
2534 3750 2657 3799 σπλ
2670 3734 2789 3812 azy-

406 3864 534 3919 χνα
598 3848 943 3918 γυμνῶσαι.
1029 3843 1401 3923 Περιειςῆκει
1464 3843 1524 3908 δὲ
1582 3843 1729 3915 τέως
1799 3842 1871 3907 τὸ
1940 3843 2204 3919 πλῆθος,
2276 3843 2789 3919 δικαιολογεῖσθαι

407 3946 758 4027 μακρότερα
820 3948 960 4017 τοὺς
1019 3949 1404 4022 εἰσελθόντας
1469 3949 1757 4025 οἰόμενον.
1826 3953 1901 4013 ’Θ
1964 3948 2027 4013 δὲ
2089 3948 2209 4019 τὰς
2268 3949 2448 4028 θύρας
2498 3945 2791 4023 ἐξαπίνης

407 4052 656 4129 ἀνοίξας
706 4054 1104 4135 ᾑμαγμένους
1155 4054 1436 4135 ἐξαφῆκε
1481 4055 1621 4126 τοὺς
1668 4055 1891 4135 ἄνδρας
1942 4055 2046 4119 καὶ
2094 4054 2400 4128 τοσαύτην
2444 4063 2571 4127 τοῖς
2612 4056 2793 4120 ἄπει-

407 4164 613 4224 λοῦσιν
675 4160 1076 4239 ἐνειργάσατο
1139 4160 1570 4245 κατάπληξιν,
1635 4160 1751 4231 cii-5⁸
1799 4162 2102 4242 ῥίψαντας
2150 4160 2236 4225 τὰ
2285 4158 2456 4227 ὅπλα
2506 4160 2788 4243 φεύγειν.

407 4263 539 4351 Ipsi
603 4268 846 4331 auctori
907 4268 1112 4331 nimia
1159 4270 1426 4333 saevitia
1473 4275 1692 4351 postea
1737 4271 1876 4334 visa
1922 4274 2018 4333 est
2064 4270 2282 4353 itaque
2330 4268 2407 4332 de
2454 4270 2793 4333 severitate

398 4371 632 4459 judicii
691 4374 758 4435 in
822 4375 960 4436 vita
1019 4374 1056 4456 5
1117 4372 1204 4437 30
1267 4372 1670 4459 aliquantum
1740 4375 2003 4439 remisit.
2076 4372 2359 4454 Quorum
2410 4372 2535 4439 duo
2582 4373 2793 4438 millia

405 4478 691 4557 fuerant,
728 4480 884 4545 facti
919 4484 1070 4545 sunt
1105 4482 1384 4545 sexcenti
1425 4488 1491 4545 et
1529 4501 1696 4546 unus
1733 4480 1987 4569 legatus
2024 4482 2195 4545 intro
2232 4481 2557 4565 mittitur,
2596 4500 2789 4567 quem
