3436 5161
622 261 753 350 132
1541 303 1627 350 An
1672 301 2076 352 mommsen.

708 466 921 534 ΕΡῙΒΡ.
986 465 1046 545 ’7,
1108 485 1167 534 Ρ.
1234 465 1365 534 193
1416 468 1761 554 fueruntne
1819 491 2026 535 omnes
2079 481 2140 534 et
2202 479 2348 533 eunt
2407 469 2494 534 ad
2538 468 2647 536 hoc
2691 469 2965 535 locorum
2985 457 3036 548 ‚⁸

618 575 836 662 quibus
890 597 1168 664 unquam
1226 577 1493 662 scriptus
1544 575 1830 664 publicus
1899 573 2270 642 Concordiae
2337 575 2416 640 la
2431 587 2520 641 tu
2533 598 2565 640 e
2632 587 2724 642 eet
2736 623 2754 654 ,
2820 577 3004 642 deeu-

667 683 680 699 ·
834 679 865 732 ²
1579 700 1587 708 -

616 703 955 866 nofgmo,
1019 789 1268 874 opinor,
1336 789 1600 854 datus.
1642 799 1647 804 “
1688 787 1963 854 Munera
2021 787 2279 875 publiea
2347 793 2412 854 et
2477 788 2744 855 honores
2807 787 3005 856 alicui

566 991 571 996 ⁸
614 912 740 965 non
786 893 1077 960 feruntur
1096 942 1114 973 ,
1162 893 1272 960 sed
1320 893 1573 960 dantur.

709 1105 928 1173 Emsm.
998 1105 1061 1187 ¹7,
1122 1127 1179 1174 Ρ.
1233 1106 1364 1174 195
1412 1109 1565 1195 leqee
1602 1109 1932 1196 pleraeque
1965 1131 2235 1198 poenam
2279 1111 2694 1187 sanciverunt,
2741 1131 2824 1174 ne
2865 1111 3006 1198 quie
3067 1184 3074 1189 ,

617 1213 902 1279 arborem
936 1215 1185 1301 felicem
1229 1216 1594 1281 succidisset.

711 1318 837 1386 Pro
882 1343 959 1386 ne
1002 1319 1403 1387 scribendum
1453 1323 1536 1386 ei.
1610 1318 1707 1387 Of.
1757 1317 1890 1386 Oie.
1942 1319 2023 1386 sd
2069 1319 2209 1387 Att.
2251 1321 2337 1388 X.
2383 1321 2443 1387 1.
2485 1319 2528 1386 2
2567 1319 2758 1387 Solon
2795 1323 3006 1406 capite

620 1430 867 1506 sanxit,
916 1429 972 1492 si
1020 1429 1163 1512 quis
1210 1429 1276 1491 in
1324 1428 1629 1493 seditione
1676 1447 1803 1492 non
1851 1427 2116 1494 alterius
2163 1429 2372 1494 utrius
2427 1429 2626 1515 partis
2670 1427 2911 1494 fuisset.

713 1639 930 1707 ΕΡῙΒΨ.
998 1637 1061 1718 ¹7,
1106 1659 1165 1706 Ρ.
1216 1639 1346 1707 197
1394 1643 1527 1707 seni
1566 1643 1960 1729 septuayinta
2005 1665 2200 1707 annos
2245 1663 2478 1727 eqreeeo
2524 1643 2821 1725 imiqnem
2864 1663 3006 1705 ma-

624 1746 827 1812 culam
886 1747 1149 1834 infliyie,
1216 1750 1496 1834 quando,
1560 1770 1669 1813 oro
1733 1759 1791 1812 te
1809 1794 1826 1824 ,
1889 1745 2297 1812 abolendam?
2397 1745 2778 1828 Quantulum
2843 1749 3009 1812 enim

623 1857 785 1920 vitae
849 1855 1153 1941 reliquum
1213 1866 1304 1920 eet
1356 1857 1444 1918 ad
1482 1856 1824 1919 exuendam
1868 1855 2207 1940 infamiam
2249 1869 2308 1920 et
2344 1857 2688 1942 pristinam
2730 1856 3007 1940 diynita-

624 1974 746 2027 tem
804 1963 1198 2049 sperandam.
1279 1959 1421 2026 Hoc
1477 1962 1645 2047 quod
1688 1983 1862 2026 vocae
1907 1963 2190 2045 interim,
2241 1964 2462 2048 quanti
2505 1957 2822 2048 sperabit?
2851 2008 2865 2024 .
2896 2005 2911 2024 .
2941 2007 2959 2025 .
2985 2007 3001 2023 .

622 2067 694 2132 E
705 2069 826 2132 tia
842 2091 907 2130 m
953 2067 1069 2131 soli
1091 2115 1108 2132 .
1136 2115 1153 2133 .
1200 2069 1357 2132 centi
1400 2067 1647 2130 verbum
1691 2079 1782 2132 eet
1825 2069 2076 2132 interim
2122 2067 2244 2132 ooei
2267 2117 2282 2132 .
2313 2114 2328 2130 .
2376 2067 2718 2153 confestim.

716 2171 985 2238 Videtur
1044 2172 1276 2238 Fronto
1339 2173 1660 2257 scripsisse
1720 2197 1759 2237 a
1768 2184 1991 2260 ptum
2035 2172 2153 2237 soli
2196 2175 2596 2253 <nae>centi
2638 2173 2883 2238 verbum
2919 2184 3012 2236 est

627 2277 945 2356 ‘interimss
992 2280 1359 2359 oeci<duo>
1405 2277 1792 2364 ‘confestim’.
1843 2276 1981 2357 Qua
2019 2279 2306 2365 imagine
2343 2297 2498 2344 usus
2545 2285 2642 2344 est
2662 2324 2680 2357 ‚
2704 2283 2780 2343 ut
2801 2283 3010 2344 osten-

622 2384 798 2450 deret
857 2385 1153 2469 iuvenes,
1226 2385 1337 2470 qui
1394 2403 1573 2468 spem
1632 2382 1862 2470 longae
1921 2385 2094 2449 vitae
2151 2385 2276 2449 sibi
2333 2385 2724 2471 propositam
2785 2385 3010 2450 existi-

624 2495 837 2567 ment,
928 2488 1194 2555 fiduciae
1263 2488 1483 2575 plenos
1554 2488 1771 2554 future
1839 2492 2227 2575 prospicere,
2298 2491 2874 2578 retardationesque
2944 2495 3012 2555 et

622 2616 831 2663 moras
893 2597 1188 2682 aequiore
1248 2598 1463 2661 animo
1512 2594 1779 2661 tolerare
1796 2644 1814 2679 ‚
1863 2616 1899 2660 s
1943 2616 2166 2661 senum
2213 2617 2364 2662 vero
2401 2606 2630 2664 natura
2647 2645 2664 2676 ‚
2705 2599 2817 2683 qui
2863 2617 3010 2663 ver-

626 2704 927 2790 gentibus
985 2702 1166 2767 annis
1224 2702 1581 2777 δυσέλπιδες
1637 2723 1788 2768 esse.
1821 2698 2098 2781 soleant,
2148 2702 2519 2769 dilationem
2565 2709 2631 2769 et
2675 2704 3012 2790 procrasti-

624 2810 949 2874 nationem
996 2808 1204 2875 sliena
1248 2828 1403 2873 esse.

716 3022 932 3090 Ens'r.
1002 3021 1064 3100 ¹7,
1122 3040 1182 3087 Ρ.
1235 3018 1367 3087 198
1416 3022 1725 3089 Proculus
1759 3022 1954 3089 -homo
1999 3025 2238 3110 inqenio
2283 3026 2373 3089 ad
2414 3036 2610 3090 cetera
2654 3026 2910 3089 remisso
2953 3035 3014 3089 et

626 3130 909 3214 delicato,
972 3131 1080 3194 sed
1136 3130 1205 3193 in
1258 3131 1571 3195 sententiis
1629 3130 1910 3195 dicundie
1971 3132 2059 3195 ad
2108 3131 2495 3217 puniendum
2543 3130 2742 3219 paulo
2801 3152 2878 3195 ve
2891 3128 2932 3193 Ῑι
2945 3151 3008 3195 e-

626 3238 975 3301 mentior
1018 3247 1078 3299 et
1122 3234 1535 3322 infestior.

714 3341 997 3405 Annotat
1038 3340 1100 3405 N
1103 3340 1329 3406 aberus
1378 3338 1573 3419 „Ood.
1625 3346 1701 3405 ut
1746 3344 1954 3407 amieo
2002 3342 2261 3426 quidem
2309 3342 2682 3409 videbatur:
2729 3344 3011 3409 dicundie

628 3446 715 3510 ad
738 3494 751 3508 .
780 3446 1113 3510 uniendum
1163 3447 1361 3533 paulo
1422 3460 1493 3511 ut
1519 3492 1758 3511 ......
1823 3450 1966 3512 inor
2023 3460 2082 3512 et
2139 3450 2206 3512 in
2197 3449 2330 3534 feet
2356 3497 2372 3513 .
2403 3496 2418 3511 .
2447 3496 2460 3511 .
2526 3448 2744 3514 Maius
2789 3448 3014 3513 scribit

628 3550 860 3638 [paulo
898 3619 902 3624 ,
949 3552 1219 3637 duri]or‚
1312 3551 1479 3638 quod
1569 3573 1695 3618 non
1765 3550 1998 3617 sufficit
2068 3552 2146 3617 ad
2210 3554 2488 3639 spatium
2553 3552 3007 3640 explendum”.

626 3654 914 3723 Lacunas
974 3656 1269 3743 supplere
1314 3658 1561 3723 tentavi
1618 3658 1946 3723 scribendo
1992 3662 2079 3724 ad
2109 3662 2496 3747 puniendum
2533 3658 2729 3747 paulo
2773 3661 2801 3725 i
2812 3684 2856 3725 n
2871 3684 2902 3725 e
2917 3658 2941 3723 l
2953 3661 3010 3724 i-

628 3764 915 3829 natior
956 3776 1016 3830 et
1059 3765 1493 3830 intentior.

718 3976 941 4043 ΕΡῙΒΤ.
990 3976 1056 4064 8,
1102 3996 1161 4043 Ρ.
1214 3976 1343 4043 199
1390 4000 1457 4043 eo
1491 3979 1616 4065 fit,
1661 3991 1734 4043 ut
1769 3980 1859 4043 ad
1892 4001 1988 4044 me
2023 3980 2353 4044 decurrant
2386 3980 2656 4067 plurimi
2689 3980 2802 4067 qui
2837 3991 3011 4044 tuam

623 4088 902 4169 qratiam
947 4088 1306 4173 eupiunt.

718 4188 1148 4257 Praetulerim
1197 4194 1307 4279 qui
1349 4204 1525 4257 tuam
1565 4194 1846 4277 qratiam
1890 4216 1920 4257 c
1935 4216 1976 4257 a
1982 4217 2035 4280 p
2052 4205 2078 4258 t
2093 4216 2133 4257 a
2148 4216 2191 4257 n
2207 4205 2252 4258 t.

720 4402 1055 4471 Pmoun
1120 4422 1463 4473 ms'l'onun
1481 4456 1500 4491 ,
1556 4422 1616 4471 Ρ.
1680 4404 1817 4471 202
1884 4418 1956 4472 ut
2013 4407 2255 4492 maynie
2299 4406 2476 4471 rebus
2515 4408 2704 4491 yeetie
2749 4406 3009 4473 historia
