3436 5161
644 323 731 389 50
1722 297 1962 392 monuo.

638 508 1000 593 principum
1020 552 1036 582 ,
1085 505 1251 571 nihil
1299 526 1432 570 esse
1481 525 1629 592 rege
1676 506 1911 571 melius
1930 555 1945 584 ,
1995 510 2293 591 quoniam
2339 507 2487 574 deos
2526 509 2734 572 omnis
2768 511 3024 573 censent

637 610 1029 698 (censerent'l
1077 633 1162 676 sc.
1211 613 1552 696 principes)
1601 615 1791 676 unius
1828 615 1968 699 regi
2006 616 2304 690 numine;
2342 616 2480 678 sive
2517 613 2673 678 haec
2710 615 2779 676 in
2818 634 3023 679 errore

635 721 1080 803 imperitorum
1129 719 1336 803 posita
1380 738 1513 782 esse
1559 725 1624 782 et
1675 717 2035 784 fabularum
2084 718 2327 784 similia
2374 718 2745 795 didicimus,
2802 720 3023 784 audia-

635 845 782 889 mus
799 824 851 901 ,”
898 823 1035 890 rell.
1107 823 1289 904 Quod
1335 831 1783 901 consenserunt
1802 870 1819 901 ,
1868 844 2205 890 consensus
2248 825 2385 908 ipse
2404 871 2421 903 ‚
2470 845 2707 910 magna
2752 827 3023 891 auctori-

632 935 732 995 tas
771 936 887 996 est.
936 929 1149 995 Verba
1192 932 1290 1006 „si
1331 929 1586 1013 quidem
1631 931 1839 994 omnis
1877 928 2119 994 multos
2158 928 2464 1014 appellari
2499 927 2753 1013 placet”
2790 930 3018 994 ferrem

632 1038 700 1100 in
762 1039 1062 1120 scriptore
1125 1034 1413 1100 Platonis
1477 1033 1712 1108 simili,
1776 1036 1867 1099 sic
1914 1039 1989 1098 ut
2038 1035 2117 1099 ab
2166 1034 2365 1100 altera
2410 1034 2710 1118 colloquii
2758 1055 3022 1121 persona

632 1141 726 1226 (h.
751 1140 796 1207 1.
841 1163 878 1206 a
911 1141 1155 1226 Laelio)
1181 1141 1334 1206 haec
1356 1143 1905 1226 interponerentur
1930 1139 2183 1226 (ἄληθες
2204 1187 2219 1217 ,
2248 1138 2306 1204 εἴ
2326 1165 2405 1217 γε
2434 1137 2725 1213 ἅπαντας
2754 1141 3018 1214 πολλοὺς

631 1247 913 1329 κλητέον)
963 1255 1106 1331 post
1162 1266 1324 1332 quae
1371 1267 1408 1310 a
1453 1248 1661 1330 priore
1709 1248 1910 1311 oratio
1957 1249 2468 1324 continuaretur,
2530 1247 2649 1312 hac
2708 1251 3021 1312 sententia

635 1352 890 1430 „multoe
953 1356 1122 1416 recte
1189 1352 1382 1428 dicis,
1449 1353 1506 1416 si
1562 1351 1753 1416 modo
1808 1371 2027 1417 omncs
2075 1351 2317 1417 multos
2355 1353 2565 1418 dicere
2608 1359 2820 1438 potes,
2870 1373 3019 1418 nam

631 1477 852 1523 omnes
899 1457 1358 1523 consentiunt”.
1433 1456 1552 1522 Sed
1605 1457 1733 1522 tale
1779 1459 1933 1543 quid
1982 1461 2049 1522 in
2096 1457 2433 1532 Cicerone,
2484 1459 2682 1524 libere
2725 1459 3021 1543 loquente

631 1583 746 1628 nec
810 1569 1248 1640 convertente,
1321 1582 1446 1628 non
1491 1562 1646 1629 fero.
1720 1561 1997 1628 Onerant
2045 1565 2167 1629 ista
2216 1562 2484 1630 mirifice
2530 1567 2909 1630 sententiam
2960 1569 3025 1628 et

627 1669 1103 1754 interpolationi
1170 1669 1512 1748 debentur,
1579 1671 1763 1734 cuius
1825 1669 2069 1753 aliquot
2131 1669 2424 1755 exempla
2482 1672 2547 1734 in
2612 1670 2730 1736 hoc
2785 1671 3027 1734 codice.‘

629 1772 1058 1841 Conferendus
1103 1774 1282 1840 locus
1341 1776 1378 1859 ἓ
1422 1775 1544 1852 51,
1599 1795 1787 1861 quem
1830 1795 2019 1840 nemo
2060 1782 2201 1860 post
2243 1775 2657 1862 Madvigium
2702 1775 3023 1860 defendet,

629 1882 738 1966 qui
788 1880 1004 1947 docuit
1037 1901 1184 1947 vere
1231 1904 1294 1946 eo
1342 1882 1576 1946 nomine
1621 1881 1714 1945 ibi
1760 1901 1895 1946 esse
1940 1880 2433 1966 interpolatum;
2484 1901 2668 1967 porro
2723 1881 2759 1966 ξ
2812 1880 2895 1946 59
2943 1882 3021 1946 de

629 2006 756 2071 qua
802 1985 882 2051 ad
931 1984 1016 2051 65
1065 1987 1375 2071 quaedam
1425 1987 1657 2052 dicam.

719 2197 817 2263 Ib.
871 2200 1046 2276 „sive
1093 2199 1248 2264 haec
1289 2202 1354 2262 in
1401 2220 1606 2264 errore
1643 2200 2088 2284 imperitorum
2130 2202 2341 2284 posita
2378 2221 2515 2266 esse
2553 2205 2619 2267 et
2654 2199 3016 2266 fabularum

625 2302 866 2369 similia
905 2303 1251 2370 didicimus
1271 2354 1288 2388 ,
1330 2305 1666 2371 audiamus
1705 2305 2065 2370 communis
2104 2308 2287 2390 quasi
2312 2305 2597 2372 doctores
2620 2306 3014 2372 eruditorum

624 2409 1020 2475 hominum'’.
2724 2407 2731 2413 ⁴

725 2517 1058 2583 Communes
1119 2516 1404 2583 doctores
1463 2536 1588 2583 non
1659 2522 1812 2583 sunt
1880 2518 2274 2584 eruditorum
2348 2517 2791 2584 tantummodo
2809 2564 2826 2596 ,
2900 2539 3015 2584 nec

625 2626 850 2689 eruditi
909 2627 1319 2710 potissimum
1389 2623 1674 2690 docendi.
1766 2624 1909 2689 Non
1980 2624 2205 2691 dubito
2276 2646 2635 2710 reponere:‚
2677 2625 3015 2691 audiamus

623 2732 984 2795 communis
1037 2734 1215 2815 quasi
1265 2730 1550 2795 doctores
1598 2740 1657 2793 et
1703 2731 2036 2794 eruditores
2082 2729 2471 2795 hominum”.
2544 2731 2840 2795 Eruditor
2886 2751 3009 2796 non

623 2856 758 2901 esse
805 2838 1102 2922 ignotum
1154 2834 1538 2901 vocabulum
1560 2880 1578 2911 ,
1627 2832 1832 2900 lexica
1880 2836 2123 2902 docent.

722 3046 828 3113 59.
894 3047 1212 3135 Archytas
1267 3050 1470 3113 iratus
1531 3054 1862 3134 propterea
1879 3095 1895 3125 ,
1969 3048 2136 3135 quod
2206 3050 2410 3114 iratus
2478 3054 2678 3125 esset,
2752 3069 3005 3115 servum

624 3154 1096 3239 delinquentem
1159 3174 1284 3219 non
1349 3154 1611 3231 occidit,
1675 3156 1770 3220 ita
1834 3153 2025 3219 illum
2074 3155 2495 3240 compellans:
2552 3153 2645 3237 „O
2693 3164 2757 3221 te
2803 3153 3011 3221 infeli·

621 3282 756 3325 cem
777 3310 794 3343 ‚
846 3280 1036 3344 quem
1083 3280 1422 3325 necassem·
1443 3262 1572 3325 iam
1618 3261 1987 3326 verberibus
2007 3309 2028 3344 ‚
2068 3262 2193 3325 nisi
2232 3263 2436 3327 iratus
2462 3260 2731 3327 essem”.
2766 3260 3010 3348 Legen-

621 3365 778 3431 dum
846 3386 925 3442 „o
988 3370 1052 3430 te
1116 3364 1438 3443 feliccm”,
1503 3364 1655 3431 felix
1715 3371 1851 3431 erat
1899 3387 1972 3431 eo
2021 3366 2189 3451 quod
2235 3368 2553 3453 Archytas
2596 3369 2798 3433 iratus
2846 3374 3013 3431 esset

621 3476 686 3537 et
744 3470 910 3535 nihil
973 3473 1051 3537 ab
1107 3472 1271 3536 irato
1317 3471 1682 3537 faciendum
1731 3492 1865 3537 esse
1914 3477 2184 3557 putaret.
2264 3472 2477 3560 „Ergo
2522 3473 2841 3559 Archytas
2886 3474 3007 3537 ira-

621 3576 919 3641 cundiam
987 3575 1286 3642 videlicct
1349 3576 1762 3643 dissidentem
1828 3598 1865 3641 a
1924 3581 2165 3644 ratione
2227 3578 2604 3643 seditionem
2688 3579 3005 3663 quandam

618 3682 1335 3749 Asmmonnnucnsn’ss
1423 3682 1531 3749 Sic
1594 3704 1823 3749 manus
1883 3684 2057 3768 prior
2071 3704 2087 3761 ;
2158 3683 2356 3748 altera
2406 3682 2612 3749 deleto
2656 3686 2728 3747 ab
2782 3705 3005 3770 supra-

617 3790 871 3873 scripsit
914 3806 992 3853 m
1038 3808 1230 3873 supra
1274 3806 1392 3853 ima
1413 3834 1429 3865 ,
1479 3806 1566 3854 vn
1606 3808 1797 3873 supra
1844 3805 1958 3865 012,
2002 3789 2169 3874 quod
2207 3791 2661 3874 interpretatur
2699 3788 3007 3855 Halmius

617 3898 821 3957 recte:
869 3892 1060 3957 animi
1104 3915 1329 3957 movere
1374 3894 1651 3977 ducebat,
1701 3912 1739 3957 a
1785 3913 1909 3979 quo
1955 3914 2081 3959 non
2129 3900 2264 3959 erat
2304 3893 2807 3979 desciscendum3
2848 3894 3001 3959 Bai-

617 4003 790 4065 terus
851 4020 998 4065 cum
1067 3998 1607 4066 Weissenbornio:
1685 4001 1804 4077 „ab
1878 4002 2097 4065 animo
2156 4000 2605 4065 removendam
2654 3999 3002 4077 censebat'’,

616 4104 842 4193 Reisig
894 4106 1139 4182 „animi
1189 4126 1332 4172 vere
1379 4105 1692 4171 ducebat”
1744 4105 1911 4191 quod
1963 4108 2097 4190 ipse
2145 4105 2300 4171 olim
2350 4106 2650 4191 probavi,
2700 4106 2807 4171 sed
2869 4106 3005 4171 dies

615 4212 786 4276 diem
837 4212 1055 4277 docet:
1110 4234 1244 4277 vere
1290 4213 1460 4277 enim
1509 4233 1548 4277 a
1595 4214 1909 4277 sententia
1956 4212 2236 4277 alienum
2256 4260 2275 4295 ‚
2323 4212 2619 4296 quamvis
2663 4211 3003 4295 probatum

615 4319 694 4383 ab
765 4318 1052 4403 Hauptio
1109 4326 1173 4383 et
1238 4315 1309 4384 G.
1365 4317 1706 4395 Mueller03
1762 4320 1819 4383 si
1866 4317 2101 4382 iudicio
2147 4316 2351 4382 Laelii
2392 4317 2710 4403 indigeret
2756 4318 3003 4383 dictum

614 4423 974 4513 Archytae,
1024 4430 1235 4512 posset
1280 4422 1468 4511 plane
1513 4425 1769 4499 omitti,
1819 4443 1943 4489 non
1994 4422 2256 4488 Laelius
2300 4422 2623 4511 Archytae
2656 4424 2765 4489 sed
2786 4428 3011 4491 contra
