3436 5161
645 392 779 459 228
1561 495 1566 500 .
1643 411 2027 462 sornoonns.

633 578 991 664 Antigonae
1055 578 1299 641 dictum
1363 565 1554 647 θέλεις
1601 602 1662 642 τι
1712 577 1919 659 μεῖζον
1970 576 2003 653 ἢ
2054 578 2465 642 κατακτεῖναί
2510 576 2575 653 μ’
2626 577 2809 655 ἑλών;
2860 596 3027 661 quae

633 684 824 750 verba
883 682 1139 748 nullum
1199 704 1454 749 sensum
1508 685 1807 768 praebent
1852 686 1974 749 nisi
2022 687 2086 749 iu
2133 681 2421 750 Creontis
2470 704 2715 768 quoque
2765 682 3023 746 ultimis

609 790 843 857 'verbis
906 790 1134 877 aliquis
1195 793 1667 875 comparativus
1726 794 1898 855 insit.
1985 791 2181 856 Hisce
2243 791 2318 856 de
2365 792 2572 855 causis
2620 811 2743 854 non
2792 789 3019 853 dubito

635 898 787 981 quin
837 901 1024 981 poeta
1069 899 1160 961 sic
1208 898 1337 962 fere
1382 899 1737 983 scripserit:

1086 1010 1244 1079 μισῶ
1293 1027 1372 1081 γε
1417 1006 1621 1081 μέντοι
1672 1007 1919 1079 μᾶλλον
1966 1004 2023 1067 εἴ
2069 1028 2161 1075 τις
2212 1004 2269 1067 ἕν
2320 1010 2530 1076 κακοῖς

1089 1110 1315 1189 ἁλούς,
1364 1108 1584 1175 ἔπειτα
1631 1115 1813 1176 τοῦτο
1860 1112 2189 1176 καλλύνειν
2239 1110 2420 1176 θέλει.

731 1328 864 1397 ’790

752 1437 759 1443 ’
1089 1437 1198 1501 καί
1245 1440 1322 1500 σ”
1352 1436 1480 1502 οὔτ’
1529 1436 1851 1502 ἀθανάτων
1900 1436 2169 1517 Φύξιμος
2219 1437 2408 1508 οὐδεὶς

1083 1544 1203 1608 οὐθ’
1252 1544 1513 1621 ἁμερίων
1562 1545 1660 1608 ἐπ’
1712 1544 2063 1621 ἀνθρώπων·
2114 1544 2141 1607 ὅ
2192 1544 2243 1605 δ’
2294 1541 2455 1623 ἔχων
2505 1540 2797 1617 μέμηνεν.

631 1646 1020 1732 Corruptum
1070 1670 1202 1715 esse
1243 1650 1504 1728 ἁμερίων
1545 1650 1642 1713 ἐπ’
1683 1650 1999 1727 ἀνθρώπων
2038 1669 2222 1714 nemo
2262 1655 2473 1735 negat.
2526 1647 2799 1714 Clavum
2828 1646 3012 1713 clavo

633 1752 898 1837 expellit
943 1752 1275 1820 Nauckius
1322 1756 1589 1843 leg-endo
1637 1756 1704 1820 σέ
1754 1756 1821 1833 γ’
1872 1756 2222 1835 ἀνθρώπων,
2266 1776 2412 1820 nam
2454 1758 2645 1820 verbo
2688 1753 3014 1820 Mandu-‚v
3119 1836 3123 1840 ῃ

634 1858 798 1923 nihil
835 1867 1004 1925 recte
1044 1865 1382 1947 opponitur
1420 1884 1613 1948 quam
1655 1861 1930 1947 simplex
1968 1865 2329 1949 genitivus,
2372 1864 2451 1925 ab
2488 1862 2675 1933 οὐδείς
2722 1862 3016 1947 pendens.

631 1962 905 2029 Causam
969 1969 1175 2033 morbi
1238 1970 1518 2034 nondum
1583 1972 1975 2054 perspexisse
2032 1968 2333 2033 videntur
2399 1970 2516 2032 viri
2564 1969 2768 2042 docti3
2818 1988 3015 2053 quam

635 2071 929 2155 equidem
1001 2073 1197 2140 latere
1254 2096 1471 2141 censeo
1517 2079 1586 2140 in
1636 2076 2091 2159 antistrophieo
2142 2096 2347 2140 versu.
2422 2073 2589 2154 Quid
2644 2077 2812 2139 enim
2872 2074 3025 2139 faci·

635 2176 761 2241 lius
827 2176 958 2244 fieri
1016 2187 1291 2265 poterat,
1343 2203 1534 2267 quam
1585 2188 1658 2247 ut
1705 2180 1965 2263 ἄμαχος
2018 2182 2143 2260 γὰρ
2193 2180 2486 2261 ἐμπαίζει
2534 2187 2897 2245 nasceretur
2944 2201 3027 2245 ex

631 2280 889 2365 ἄμαχος
950 2286 1002 2350 δ’
1068 2286 1396 2369 ἕμποιίζειῗ
1482 2288 1690 2369 Quam
1736 2308 1921 2373 saepe
1968 2286 2315 2372 particulae
2362 2284 2487 2365 γάρ
2535 2294 2599 2351 et
2645 2287 2709 2351 δὲ
2757 2287 3020 2352 confun-

639 2390 895 2458 duntur.
967 2392 1140 2482 Lege
1184 2413 1371 2483 ergo:

783 2490 788 2495 ’
1088 2501 1210 2566 οὔθ’
1257 2501 1518 2584 ἁμερίων
1568 2500 1917 2579 ἀνθρώπων,
1968 2501 1995 2564 ὃ
2044 2500 2097 2565 δ’
2147 2496 2305 2580 ἔχων
2351 2498 2653 2579 μέμηνεν,

637 2612 702 2670 et
745 2608 812 2671 in
856 2609 1249 2694 antistropha

1089 2716 1322 2794 θεσμῶν
1342 2737 1366 2766 ·-
1407 2713 1667 2796 ἄμαχος
1717 2715 1773 2780 δ’
1824 2711 2112 2793 ἐμπαίζει
2164 2715 2289 2786 θεὸς
2339 2712 2701 2795 Ἀφροδίτα.

643 2817 910 2886 Accedit
958 2823 1124 2905 qnod
1172 2824 1266 2888 ita
1314 2841 1533 2890 versus
1580 2820 1797 2889 evadit
1842 2819 2053 2886 multo
2100 2819 2506 2886 modulatior.

729 3036 906 3104 1192
951 3060 1045 3124 sq.

1087 3145 1207 3224 ἐγὼ
1267 3148 1423 3229 <plan
1472 3145 1759 3212 δέσποινα
1809 3145 1913 3211 καὶ
1964 3145 2167 3225 παρὼν
2212 3147 2359 3225 ε’ρῶ,

1085 3253 1288 3318 κούδὲν
1336 3255 1590 3333 παρήσω
1640 3259 1751 3328 τῆς
1800 3251 2093 3326 ἀληθείαις
2140 3249 2302 3326 ἔπος.

635 3352 1108 3424 Schneidewin:
1177 3357 1304 3423 Der
1365 3358 1526 3425 Bote
1588 3360 1751 3423 kann
1813 3378 2022 3446 genau
2083 3357 2443 3438 berichten‚
2510 3358 2657 3424 weil
2718 3381 2785 3426 er
2830 3359 3021 3425 dabei

625 3484 756 3528 war
818 3464 911 3529 als
974 3463 1444 3554 Augenzeuge,
1507 3467 1636 3532 und
1697 3486 1766 3533 er
1814 3464 1949 3531 will
2000 3485 2066 3530 es
2114 3466 2261 3530 tb-un
2309 3487 2373 3531 n.
2401 3487 2449 3532 s.
2478 3489 2557 3532 w.
2630 3463 2821 3532 Hunc
2868 3486 3014 3532 sen-

622 3591 766 3634 sum
833 3574 1069 3654 requiri
1125 3593 1248 3637 non
1311 3593 1500 3661 nego,
1563 3571 1672 3638 sed
1735 3575 1877 3658 quis
1942 3593 2088 3636 eum
2138 3592 2216 3637 ex
2266 3573 2383 3638 hac
2439 3571 2708 3638 lectione
2756 3569 3010 3638 eliciat!

621 3675 851 3743 Veram
900 3677 1236 3744 lectionem
1287 3681 1664 3765 reppererit,
1713 3681 1827 3763 qui
1867 3679 2232 3743 meminerit
2275 3678 2529 3743 nullum
2572 3681 2638 3743 in
2664 3681 2867 3764 poetis
2892 3679 3013 3744 fre-

617 3787 914 3868 quentius
961 3805 1093 3850 esse
1137 3787 1372 3852 vitium
1399 3837 1414 3862 ‚
1461 3806 1654 3871 quam
1696 3788 1760 3849 in
1800 3783 1923 3849 fine
1963 3805 2265 3850 versuum
2308 3783 2467 3850 falsa
2510 3783 2819 3853 vocabula
2858 3785 3009 3850 sub-

605 3891 844 3954 stituta
903 3911 1014 3975 pro
1070 3892 1152 3954 iis
1213 3913 1405 3974 quae,
1471 3892 1690 3957 charta
1754 3891 2023 3967 detrita,
2094 3889 2195 3954 vel
2242 3896 2377 3956 tota
2428 3890 2529 3957 vel
2576 3892 2810 3976 partim
2862 3911 3013 3957 eva·

615 4003 906 4060 nuerant.
977 3995 1100 4061 Pro
1148 3995 1286 4067 ἔπος
1337 4000 1509 4062 enim
1557 3996 1901 4082 legendum
1950 4001 2047 4061 est
2096 3995 2263 4060 ἑλών.

2248 4207 2308 4273 J.
2356 4207 2414 4273 J.
2468 4209 2572 4274 ΗΔ
2584 4227 2819 4274 urum.
