3436 5161
654 339 785 406 126
1569 359 1656 407 An
1702 357 2101 409 rnon‘ronm.

650 550 861 594 autore
904 531 1287 619 imperiosus.
1360 527 1495 592 Eas
1540 548 1646 612 eqo
1694 528 2000 590 orationes
2043 525 2259 590 ambas
2304 549 2440 590 cum
2485 528 2705 591 dextra
2751 525 3038 614 laevaque

648 659 843 700 manu
886 658 1023 701 mea
1064 647 1367 720 qestarem
1384 681 1401 711 ,
1449 633 1724 721 amplior
1771 636 1920 698 cett.

741 739 868 806 Pro
920 741 1132 805 ambos
1176 739 1581 805 scribendum
1628 739 1792 803 ami
1803 759 1951 803 cos.
2023 735 2148 803 Illa
2187 759 2346 828 prae
2394 759 2635 813 amore,
2685 758 2844 824 quae
2891 759 3032 805 con·

650 847 1017 932 gruentiem
1078 849 1141 910 et
1198 844 1651 930 aequalitatem
1698 844 1766 908 in
1815 845 2143 909 contrariis
2185 844 2348 908 mire
2396 843 2687 921 turbant,
2738 864 2853 911 suo
2897 844 3036 911 loco

650 950 1041 1016 restituenda
1099 955 1270 1016 sunt.
1352 949 1651 1038 Legerim
1717 951 1924 1036 igitur
1983 972 2085 1014 eas
2133 972 2240 1036 eqo
2287 952 2594 1015 orationes
2637 951 2852 1016 ambas
2899 975 3036 1017 cum

644 1081 697 1144 p
712 1080 752 1121 a
766 1058 843 1122 ri
883 1078 1095 1122 amore
1139 1057 1362 1122 dextra
1406 1056 1693 1143 laet-aque
1736 1078 1931 1120 manu
1977 1078 2111 1121 mea
2153 1068 2476 1141 yestarem,

741 1251 958 1320 ΕΡΙΒΤ.
1023 1253 1085 1332 1,
1142 1271 1203 1319 P.
1273 1251 1401 1321 124
1456 1257 1636 1340 quasi
1675 1254 2097 1341 phrenitis
2142 1255 2392 1320 morbus
2435 1255 2725 1342 quibus
2767 1255 3038 1344 implici-

652 1371 752 1424 tus
795 1372 939 1438 est,
996 1360 1198 1425 aliena
1243 1361 1579 1447 eloquentes
1624 1361 2090 1448 imperitabant.

742 1464 939 1532 Recte
1001 1465 1239 1532 dicitur
1296 1465 1595 1552 implicor
1656 1467 1910 1545 moi-bc,
1977 1487 2026 1532 s·
2087 1468 2154 1531 in
2219 1466 2555 1544 morbum,
2607 1487 2729 1532 non
2779 1467 3040 1532 morbus

652 1572 820 1638 mihi
886 1572 1278 1658 implicatur.
1386 1571 1650 1660 Corrige
1723 1576 1904 1660 quasi
1957 1573 2342 1660 phrenesi
2385 1575 2658 1659 quivis
2703 1573 3038 1660 implicitus

653 1690 872 1745 esset.
946 1675 1194 1744 Codex:
1259 1700 1353 1763 pr.
1418 1699 1507 1743 m.
1546 1679 1830 1766 plu-etis.-
1879 1698 1996 1743 sec.
2053 1699 2140 1743 m.
2182 1679 2517 1767 phrenetis.
2591 1677 2927 1744 Phrenesis
2974 1683 3038 1742 et

651 1785 964 1871 phrenitis
1022 1785 1283 1870 perinde
1342 1785 1595 1852 dicitur.
1683 1784 1982 1871 Ineptum
2048 1785 2553 1850 additamentum
2603 1786 2853 1851 morbus
2896 1783 3038 1850 ludi

654 1892 967 1978 mag-istro
1012 1891 1297 1957 debetur.

746 2087 963 2154 EPIS‘P.
1032 2090 1091 2168 1,
1155 2106 1213 2155 P.
1287 2087 1417 2153 126
1475 2089 1715 2155 litterae
1741 2136 1758 2154 .
1785 2137 1798 2153 .
1835 2137 1852 2154 .
1879 2137 1894 2152 .
1953 2091 2153 2155 breves
2197 2111 2302 2154 nec
2345 2089 2542 2155 ullam
2587 2111 2797 2154 rerum
2837 2101 3040 2174 qesta-

658 2217 803 2259 rum
849 2197 1450 2282 expeditionem
1498 2199 1887 2262 continentes.

750 2299 966 2367 Immo
1018 2322 1169 2368 vcro
1213 2305 1832 2390 expositionem.
1883 2299 1981 2368 Of.
2028 2305 2194 2367 auct.
2243 2302 2322 2368 ad
2370 2301 2648 2367 Herenn.
2699 2301 2763 2381 Ι,
2815 2299 2855 2366 8
2903 2323 3042 2367 nar-

658 2404 821 2472 ratio
867 2413 937 2473 et
982 2429 1195 2474 rerum
1243 2415 1571 2495 gestarum
1620 2409 1990 2493 expositio.·

751 2606 968 2674 EPIST.
1022 2609 1081 2693 1,
1131 2625 1190 2674 P.
1243 2606 1371 2673 128
1418 2608 1514 2674 his
1562 2620 1619 2675 te
1660 2608 1961 2686 consiliis,
2012 2608 2405 2696 Imperator,
2445 2633 2487 2674 α
2515 2610 2734 2697 prima
2763 2610 3045 2695 pueritia

658 2728 769 2783 tua
812 2738 939 2781 non
981 2718 1248 2781 circus
1286 2716 1569 2803 profecto
1616 2738 1720 2781 nec
1765 2716 1990 2793 lorica,
2037 2718 2145 2781 sed
2187 2716 2333 2781 libri
2373 2728 2432 2781 et
2471 2702 2824 2781 litterarum
2865 2715 3045 2779 disci-

653 2822 837 2911 plina
880 2822 1229 2887 inbuebant.

634 2932 644 2943 ’
752 2925 987 2992 Malim
1032 2950 1157 2993 non
1200 2928 1513 3015 clipeus
1552 2953 1625 3016 p.
1674 2951 1778 2995 nec
1831 2929 2040 2994 lorica.

754 3104 915 3171 IBID.
975 3108 1199 3172 milites
1258 3106 1623 3173 Antiochiae
1668 3111 1923 3174 adsidue
1959 3110 2256 3197 plaudere
2303 3110 2699 3175 histrionibus
2744 3112 3013 3175 consueti
3029 3155 3046 3187 ,

660 3216 906 3301 saepius
955 3216 1021 3278 in
1067 3234 1281 3277 nemo
1297 3237 1375 3278 re
1421 3216 1648 3279 vicinae
1689 3238 1918 3300 yaneae
1964 3239 2152 3302 quam
2197 3217 2306 3279 sub
2352 3217 2543 3299 siqnis
2589 3215 2804 3280 habiti.

752 3320 879 3383 Pro
941 3320 1155 3403 inepto
1211 3340 1453 3385 nemore
1498 3323 1742 3407 corrige
1789 3323 2094 3387 nidore.
2170 3319 2267 3387 Of.
2318 3318 2450 3387 Cic.
2501 3323 2568 3385 in
2617 3320 2740 3386 Pis.
2799 3319 2838 3385 6
2885 3342 3046 3407 pau-

660 3422 855 3510 lisper
900 3427 1199 3489 stetimus
1244 3427 1309 3489 in
1356 3425 1471 3490 illo
1517 3447 1864 3514 ganearum
1917 3434 2174 3491 tuarum
2225 3426 2462 3491 nidore.

754 3605 919 3673 IBID.
984 3608 1395 3673 huiuscemodi
1437 3608 1661 3672 milites
1703 3609 1922 3694 quibus
1968 3610 2248 3695 imperiis
2292 3612 2624 3674 contineres
2671 3622 2730 3673 et
2775 3612 2862 3673 ad
2897 3609 3055 3694 fru-

655 3737 794 3801 ⁴qem
851 3728 1033 3802 atque
1094 3716 1473 3779 industriam
1526 3727 1894 3779 converteres
1911 3765 1929 3797 ‚
1983 3737 2180 3779 nonne
2226 3728 2282 3781 te
2326 3714 2705 3779 Hannibalis
2768 3716 3007 3778 duritia
3026 3762 3045 3792 ‚

659 3819 724 3886 A
716 3822 963 3908 frisani
995 3820 1323 3907 disciplina
1340 3869 1357 3904 ‚
1398 3820 1636 3885 Metelli
1669 3821 1946 3907 exempla
1985 3822 2260 3885 historiis
2289 3823 2642 3907 perscripta
2694 3822 3046 3885 docuerunt.

752 3926 873 3992 Vix
923 3928 1147 3993 dubito
1196 3927 1349 4010 quin
1395 3927 1671 4013 exempla
1721 3934 2090 4011 corruptum
2139 3930 2243 3990 sit.
2318 3924 2491 4006 Quae
2539 3946 2689 3992 vera
2734 3928 2820 3989 sit
2855 3924 3048 3989 lectio

662 4030 979 4098 affirmare
1036 4053 1161 4096 non
1222 4030 1451 4096 ausim.
1535 4030 1842 4096 Extrema
1905 4034 1971 4097 in
2034 4031 2274 4096 milites
2319 4035 2622 4097 severitas
2666 4040 2732 4095 et.
2779 4034 3046 4096 saevitis

664 4137 739 4219 Q.
802 4136 1056 4203 Metelli
1120 4136 1515 4202 Macedonici
1577 4140 1828 4221 saepius
1883 4138 1960 4203 ab
2007 4138 2324 4202 historicis
2373 4148 2868 4203 commemorata
2911 4146 3042 4221 θείς

664 4243 743 4307 cf.
791 4241 931 4309 val.
979 4241 1156 4307 Max.
1204 4242 1294 4309 ΙΙ.
1346 4242 1406 4309 7.
1464 4242 1577 4321 10;
1630 4244 1970 4309 Frontinus
2019 4243 2399 4329 Strategem.
2449 4242 2566 4307 IV.
2625 4244 2681 4306 1.
2731 4243 2840 4308 23.
2891 4242 3048 4309 Per·

662 4369 880 4434 peram
945 4346 1162 4413 Maius
1216 4349 1613 4416 existimavit
1662 4349 1737 4430 Q.
1786 4348 2127 4415 Metellum
2177 4349 2592 4415 Numidicum
2645 4350 2706 4413 h.
2757 4348 2804 4413 1.
2853 4348 3038 4415 Fron·

662 4460 879 4520 tonem
928 4456 1260 4541 cogitasse.
