3436 5161
1374 415 1774 470 mono-rus.
2632 397 2770 468 147

378 581 615 658 μοῢμεν
673 585 791 644 τῶν
850 603 923 646 τε
978 581 1074 646 ἀεὶ
1144 581 1206 646 έν
1264 583 1430 665 ἀρχῇ
1493 581 1673 649 όντων
1723 581 2014 666 ἀκροάσει
2064 584 2186 651 καὶ·
2217 591 2336 651 τῶν
2381 583 2616 664 νόμων..
2663 580 2762 653 Cf.

377 683 573 771 Soph.
620 686 724 753 Δὶ.
772 685 973 756 1073.
2374 719 2382 726 ’

469 896 591 965 VII
641 897 803 980 106,
856 897 915 964 1.
982 896 1058 975 ὥς
1125 900 1190 966 δὲ
1252 901 1358 968 καὶ
1418 900 1815 986 Ἀρτοξέρξης
1867 903 1896 969 ὃ
1947 902 2172 984 Ξέρξεω
2220 912 2376 971 τοῖσι
2425 914 2765 971 Μασκα-

378 1003 516 1083 μεί
531 1026 688 1070 οισι
740 1004 1119 1082 ἐκγόνοισι.
1170 1005 1386 1074 Huius
1422 1011 1852 1096 patronymici
1892 1030 2048 1076 usus
2087 1013 2149 1076 in
2190 1011 2464 1097 pedestri
2488 1013 2768 1078 oratione

378 1115 559 1176 tanta
609 1115 706 1178 est
764 1112 1103 1179 insolentia
1166 1151 1249 1164 -
1310 1115 1479 1180 nihil
1524 1117 1696 1182 enim
1744 1115 1872 1181 huc
1917 1116 2072 1183 facit
2117 1117 2286 1202 quod
2333 1117 2534 1183 semel
2579 1118 2768 1184 Plato

376 1215 771 1282 ludibundus
814 1215 1039 1305 (Gorg.
1088 1218 1245 1298 482)
1292 1220 1461 1286 dixit
1505 1220 1534 1285 ό
1584 1223 1909 1295 Κλεινίειος
1965 1259 2047 1272 --
2097 1227 2174 1287 ut
2217 1237 2395 1288 mero
2441 1243 2648 1289 errore
2691 1222 2768 1288 li-

377 1321 661 1388 brarium
708 1327 1028 1409 sequentis
1074 1324 1375 1391 vocabuli
1420 1327 1872 1394 terminatione
1919 1327 2260 1414 deceptum
2307 1329 2399 1394 sic
2445 1331 2768 1414 scripsisse

381 1429 648 1495 arbitrer
694 1449 809 1515 pro
856 1438 927 1495 M
950 1453 993 1494 α
1009 1452 1048 1495 σ
1065 1455 1103 1494 κ
1123 1430 1168 1495 αἱ
1186 1454 1336 1509 μεω
1384 1429 1703 1516 ἐκγόνοισι.
1753 1469 1841 1484 -
1887 1432 1962 1499 In
2009 1436 2237 1520 capitis
2283 1431 2407 1500 fine
2451 1435 2566 1499 ubi
2609 1431 2769 1521 legi-

380 1538 488 1599 tur
546 1535 648 1600 τὸν
706 1533 769 1599 δὶ
829 1535 888 1601 έν
940 1538 1209 1620 Δορίσκῳ
1262 1536 1692 1622 [Μασκάμην]
1739 1539 1998 1617 οὐδαμοί
2043 1563 2124 1604 κω
2174 1537 2588 1615 ἐδυνάσθησαν
2633 1537 2767 1616 έξε-
2839 1537 2842 1542 ’

381 1648 512 1705 λεῖν
556 1647 801 1707 πολλῶν
849 1642 1317 1720 πειρασαιιένων
1364 1643 1819 1710 absurdissime
1863 1642 2100 1710 sciolus
2135 1642 2546 1730 interpolavit
2579 1653 2648 1710 Μ
2655 1669 2769 1710 ασ-

381 1746 589 1823 κάμην
608 1793 625 1824 ,
688 1767 839 1813 nam
886 1753 1097 1814 totum
1144 1747 1359 1815 locum
1405 1746 1739 1837 perlegens
1785 1749 1972 1816 facile
2017 1735 2252 1816 senties
2296 1751 2398 1816 τὸν
2445 1751 2506 1814 ἐν
2555 1750 2770 1830 ΔορΙσ·

386 1875 469 1932 xes
513 1871 639 1918 non
684 1872 819 1919 esse
865 1852 1078 1919 solum
1123 1853 1494 1920 Mascamen
1511 1902 1529 1932 ,
1580 1854 1690 1920 sed
1734 1853 1838 1920 τὸν
1887 1855 2008 1921 αἰεὶ
2059 1857 2121 1920 ἐν
2169 1855 2440 1937 Δορίσκῳ
2486 1854 2770 1938 ὕπαρχον

386 1958 569 2024 ἐόντα
586 2005 604 2038 ,
662 1957 829 2025 filios
896 1962 1068 2025 enim
1130 1962 1301 2046 patri
1362 1962 1736 2028 successisse
1781 1962 2006 2029 docent
2053 1963 2244 2030 verba
2291 1959 2368 2036 ὦς
2414 1961 2478 2027 δὲ
2524 1963 2629 2028 καὶ
2679 1999 2767 2014 -

387 2063 703 2143 ἐκγόνοισι.
774 2064 860 2130 Et
920 2067 1013 2131 sic
1073 2065 1334 2133 demum
1400 2064 1698 2154 intellegi
1761 2072 2060 2153 poterunt
2119 2069 2348 2135 verba:
2420 2067 2520 2134 διὰ
2589 2072 2770 2134 τοῦτο

386 2169 450 2236 δὲ
502 2180 589 2238 ΟΙ
636 2171 723 2237 τὰ
765 2171 921 2251 δῶρα
969 2172 1295 2250 πέμπεται
1340 2173 1521 2256 ’παρὰ
1566 2177 1673 2239 τοῦ
1712 2173 2154 2253 βασιλεύοντος
2199 2184 2373 2241 AIEI
2399 2176 2459 2240 έν
2485 2176 2768 2255 Πέρσησι.

382 2277 529 2344 Non
574 2277 699 2342 fuit
740 2278 923 2344 credo
963 2277 1321 2344 Mascames
1346 2279 1753 2345 immortalis.
1799 2279 2139 2347 Emblema
2161 2282 2380 2347 autem
2402 2287 2572 2348 recte
2593 2282 2773 2348 abest

386 2402 427 2449 a
470 2384 684 2451 verbis
728 2387 1115 2472 praegressis
1160 2386 1326 2460 πλὴν
1370 2389 1477 2450 τοῦ
1525 2385 1587 2450 ἐν
1634 2384 1907 2469 Δορίσκῳ
1960 2390 2073 2474 (sc.
2125 2385 2459 2480 ὑπάρχον).

479 2598 599 2665 VII
646 2597 825 2683 108,·
862 2596 927 2665 2.
975 2598 1205 2672 Alo-coc
1254 2634 1341 2649 --
1384 2590 1447 2670 ὃς
1493 2598 1637 2663 τότε
1677 2601 1787 2665 οὐκ
1825 2598 2099 2681 ἀντέσχε
2135 2599 2204 2664 τὸ
2246 2596 2395 2679 ὕδωρ
2423 2600 2768 2687 [παρέχων]

386 2706 471 2787 τῷ
544 2702 771 2785 Ξέρξεω
818 2705 1062 2786 στρατῷ
1108 2704 1259 2769 ἀλλ’
1308 2702 1591 2771 ἐπέλιπε.
1638 2704 1977 2770 Emblema
2023 2704 2202 2771 abest
2239 2724 2278 2770 a
2312 2703 2452 2771 loco
2511 2708 2770 2793 gemino

388 2810 515 2889 58,
566 2808 609 2875 3
652 2810 924 2877 Μέλανα
972 2809 1257 2885 ποταμὸν
1303 2812 1412 2875 οὐκ
1460 2809 1848 2892 ἀντισχόντα
1896 2809 2039 2876 τότε
2082 2820 2162 2891 τῇ
2210 2820 2428 2893 ςρατιῇ
2452 2813 2524 2877 τὸ
2548 2810 2771 2893 ῥέεθρον
2899 2822 2902 2825 ’

386 2918 537 2981 ἀλλ’
585 2904 977 2982 ἐπιλιπόντα.
1044 2916 1144 2982 Ad
1191 2936 1328 2981 rem
1377 2914 1459 2981 cf.
1508 2913 1900 2982 Claudianus
1947 2915 2024 2981 de
2069 2911 2399 2982 Laudibus
2445 2916 2773 2983 stiliconis

386 3022 511 3109 (ed.
570 3022 779 3107 Jeep.)
840 3022 875 3087 I
941 3018 1101 3087 170:
1174 3021 1453 3106 Denique
1500 3021 1730 3105 felices
1797 3021 2034 3106 aquilae
2092 3042 2444 3107 quocumque
2485 3024 2773 3107 moveres!

383 3134 633 3194 arebant
693 3130 883 3194 tancia
942 3132 1099 3211 epoti
1155 3128 1393 3191 mibibus
1436 3149 1631 3191 amnes
1694 3132 1760 3191 et
1806 3126 1996 3192 alibi:
2061 3127 2250 3191 Haud
2290 3128 2474 3193 aliter
2519 3124 2772 3195 Xersem

385 3242 507 3301 toto
552 3237 732 3301 simul
774 3236 909 3300 orbe
952 3234 1221 3317 secutus]
1267 3238 1556 3297 nem-atur
1600 3234 1874 3316 rapuisse
1904 3254 2094 3315 -vaqoe
2141 3234 2430 3299 exercitus
2475 3256 2692 3299 amnes.

480 3446 601 3513 VII
651 3446 779 3514 109
828 3448 888 3521 ἐς
939 3449 1053 3520 τὺν
1100 3445 1375 3532 (λίμνην)
1423 3444 1693 3522 ποταμοὶ
1744 3444 1846 3510 δύο
1892 3445 2198 3511 ἐσιεῖσι
2244 3447 2314 3511 τὸ
2361 3444 2534 3526 ὕδωρ.
2603 3445 2772 3512 Vul-

386 3558 543 3641 gata
563 3554 854 3619 -debetur
899 3552 1463 3640 Schweighafisero
1510 3572 1621 3636 pro
1667 3550 1980 3616 librorum
2020 3550 2402 3618 lectionibus
2440 3554 2628 3618 ἐσεῒσι
2668 3552 2774 3620 vel

386 3662 622 3725 εἰσεῒσι.
670 3658 841 3725 Usus
887 3665 1102 3725 tamen
1148 3658 1434 3744 postulat
1481 3654 1691 3732 ἐξιεῖσι
1711 3703 1729 3733 ,
1777 3665 1854 3739 ut
1899 3656 2194 3723 ἐκδιδόναι
2237 3660 2381 3744 (non
2427 3657 2770 3745 ἐσδιδόναι).

387 3764 486 3833 Of.
536 3766 571 3831 I
618 3766 681 3830 6.
735 3764 889 3832 180.
936 3765 1004 3830 11
1061 3762 1165 3830 1¹7.
1214 3764 1312 3829 VI
1362 3764 1470 3829 20.
1510 3762 1640 3828 VII
1685 3762 1817 3828 124
1857 3762 1940 3829 al.
1977 3762 2088 3828 ‘De
2109 3762 2308 3829 fluvio
2331 3784 2561 3848 aquam
2587 3784 2768 3830 suam

384 3875 455 3937 in
502 3872 704 3939 alium
750 3871 1026 3938 fluvium
1070 3870 1434 3935 infundenti
1480 3868 1789 3935 sollemne
1827 3875 1924 3934 est
1965 3869 2322 3946 ἐσβάλλειν.
2376 3868 2474 3937 Of.
2516 3868 2616 3935 IV
2660 3870 2766 3939 48.

388 3978 476 4043 49
544 3980 695 4065 (bis)
765 3977 857 4045 5'7-
912 3984 979 4043 et
1038 3975 1069 4039 1
1136 3972 1263 4044 179
1324 3975 1438 4039 ubi
1486 3974 1769 4039 abundat
1813 3973 1884 4037 τὸ
1932 3972 2153 4054 ῥέεθρον
2195 3980 2274 4039 ut
2318 3975 2424 4041 hic
2469 3976 2538 4040 τὸ
2563 3966 2770 4057 ὕδωρ,

386 4088 525 4150 sive
568 4083 935 4151 Herodotus
982 4081 1297 4148 addidisse
1344 4080 1668 4166 putandus
1711 4085 1810 4145 est
1847 4080 1984 4147 sive
2019 4082 2232 4165 potius
2271 4082 2408 4146 eius
2443 4082 2772 4167 interpres.

479 4294 606 4361 VH
654 4295 781 4362 111
856 4292 1033 4360 ἀλλὰ
1106 4289 1635 4357 διατελέουσι
1707 4288 1780 4355 τὸ
1851 4287 2043 4369 μέχρι
2116 4290 2266 4369 ἐμοῦ
2337 4290 2501 4355 αἰεὶ
2575 4290 2767 4367 ἐόντες

388 4403 704 4483 ἐλεύθεροι.
752 4401 951 4467 Abest
998 4405 1142 4485 post
1182 4397 1519 4464 διατελέειν
1558 4396 1786 4464 vocula
1827 4392 2153 4462 abundans
2191 4395 2311 4462 αἰεὶ
2351 4395 2448 4462 VI
2488 4395 2574 4462 52
2612 4406 2772 4464 extr.

390 4507 562 4593 11¹7,
612 4508 675 4573 2.
713 4506 830 4573 VII
885 4504 1048 4592 153,
1098 4504 1176 4583 3,
1224 4503 1400 4573 alibi.
1450 4502 1572 4570 Sed
1613 4502 1693 4569 cf.
1733 4502 2132 4570 Philemonis
2189 4503 2262 4571 fr.
2303 4502 2388 4572 5¹7
2427 4504 2524 4569 ed.
2567 4504 2770 4573 Kock.

2416 4624 2483 4678 10
