<?xml version="1.0" encoding="UTF-8"?>
<!DOCTYPE html PUBLIC "-//W3C//DTD XHTML 1.0 Transitional//EN"
    "http://www.w3.org/TR/xhtml1/DTD/xhtml1-transitional.dtd">
<html xmlns="http://www.w3.org/1999/xhtml" xml:lang="en" lang="en">
 <head>
  <title>
</title>
<meta http-equiv="Content-Type" content="text/html;charset=utf-8" />
  <meta name='ocr-system' content='tesseract 3.04.00' />
  <meta name='ocr-capabilities' content='ocr_page ocr_carea ocr_par ocr_line ocrx_word'/>
</head>
<body>
  <div class='ocr_page' id='page_1' title='image "./mnemosynevolume00verdgoog_0320.png"; bbox 0 0 3436 5161; ppageno 0'>
   <div class='ocr_carea' id='block_1_1' title="bbox 699 294 2017 367">
    <p class='ocr_par' dir='ltr' id='par_1_1' title="bbox 699 294 2017 367">
     <span class='ocr_line' id='line_1_1' title="bbox 699 294 2017 367; baseline 0.001 -4"><span class='ocrx_word' id='word_1_1' title='bbox 699 294 836 364; x_wconf 70' lang='lat'><strong>302</strong></span> <span class='ocrx_word' id='word_1_2' title='bbox 1773 315 2017 367; x_wconf 71' lang='lat' dir='ltr'><strong>morso.</strong></span> 
     </span>
    </p>
   </div>
   <div class='ocr_carea' id='block_1_2' title="bbox 695 479 3092 566">
    <p class='ocr_par' dir='ltr' id='par_1_2' title="bbox 695 479 3092 566">
     <span class='ocr_line' id='line_1_2' title="bbox 695 479 3092 566; baseline 0.001 -22"><span class='ocrx_word' id='word_1_3' title='bbox 695 479 961 557; x_wconf 79' lang='lat' dir='ltr'><strong>attinet3</strong></span> <span class='ocrx_word' id='word_1_4' title='bbox 1025 479 1313 564; x_wconf 88' lang='lat' dir='ltr'><strong>sequitur</strong></span> <span class='ocrx_word' id='word_1_5' title='bbox 1372 481 1545 546; x_wconf 87' lang='lat' dir='ltr'><strong>enim</strong></span> <span class='ocrx_word' id='word_1_6' title='bbox 1609 479 1834 547; x_wconf 87' lang='lat' dir='ltr'><strong>eadem</strong></span> <span class='ocrx_word' id='word_1_7' title='bbox 1898 481 1969 548; x_wconf 83' lang='lat' dir='ltr'><strong>vi</strong></span> <span class='ocrx_word' id='word_1_8' title='bbox 2014 481 2455 546; x_wconf 73' lang='lat' dir='ltr'><strong>coniunctivae</strong></span> <span class='ocrx_word' id='word_1_9' title='bbox 2500 499 2627 566; x_wconf 77' lang='lat' dir='ltr'><strong>qua</strong></span> <span class='ocrx_word' id='word_1_10' title='bbox 2672 485 2817 566; x_wconf 88' lang='lat' dir='ltr'><strong>post</strong></span> <span class='ocrx_word' id='word_1_11' title='bbox 2862 481 2923 544; x_wconf 74' lang='lat' dir='ltr'><strong>ie</strong></span> <span class='ocrx_word' id='word_1_12' title='bbox 2964 485 3092 566; x_wconf 71' lang='lat' dir='ltr'><strong>qni.</strong></span> 
     </span>
    </p>
   </div>
   <div class='ocr_carea' id='block_1_3' title="bbox 684 687 3095 4483">
    <p class='ocr_par' dir='ltr' id='par_1_3' title="bbox 686 687 3095 2792">
     <span class='ocr_line' id='line_1_3' title="bbox 791 687 3093 780; baseline 0.001 -24"><span class='ocrx_word' id='word_1_13' title='bbox 791 687 900 756; x_wconf 83' lang='lat'><strong>51.</strong></span> <span class='ocrx_word' id='word_1_14' title='bbox 946 689 1072 757; x_wconf 91' lang='lat' dir='ltr'><strong>Pro</strong></span> <span class='ocrx_word' id='word_1_15' title='bbox 1124 697 1408 759; x_wconf 86' lang='lat' dir='ltr'><strong>monstro</strong></span> <span class='ocrx_word' id='word_1_16' title='bbox 1451 709 1891 760; x_wconf 68' lang='lat' dir='ltr'><strong>nmmunro</strong></span> <span class='ocrx_word' id='word_1_17' title='bbox 1934 696 2001 760; x_wconf 88' lang='lat' dir='ltr'><strong>in</strong></span> <span class='ocrx_word' id='word_1_18' title='bbox 2050 695 2155 760; x_wconf 88' lang='lat' dir='ltr'><strong>his</strong></span> <span class='ocrx_word' id='word_1_19' title='bbox 2196 693 2435 770; x_wconf 83' lang='lat' dir='ltr'><strong>verbis,</strong></span> <span class='ocrx_word' id='word_1_20' title='bbox 2493 695 2657 773; x_wconf 80' lang='lat' dir='ltr'><strong>„sibi</strong></span> <span class='ocrx_word' id='word_1_21' title='bbox 2698 695 2834 780; x_wconf 87' lang='lat' dir='ltr'><strong>ipse</strong></span> <span class='ocrx_word' id='word_1_22' title='bbox 2872 691 3093 758; x_wconf 81' lang='lat' dir='ltr'><strong>Socra-</strong></span> 
     </span>
     <span class='ocr_line' id='line_1_4' title="bbox 693 796 3091 885; baseline 0 -22"><span class='ocrx_word' id='word_1_23' title='bbox 693 801 794 863; x_wconf 88' lang='lat' dir='ltr'><strong>tes</strong></span> <span class='ocrx_word' id='word_1_24' title='bbox 838 799 1224 884; x_wconf 84' lang='lat' dir='ltr'><strong>peripeateto</strong></span> <span class='ocrx_word' id='word_1_25' title='bbox 1271 797 1385 864; x_wconf 87' lang='lat' dir='ltr'><strong>illo</strong></span> <span class='ocrx_word' id='word_1_26' title='bbox 1424 801 1494 863; x_wconf 86' lang='lat' dir='ltr'><strong>in</strong></span> <span class='ocrx_word' id='word_1_27' title='bbox 1537 819 1827 866; x_wconf 89' lang='lat' dir='ltr'><strong>sermone</strong></span> <span class='ocrx_word' id='word_1_28' title='bbox 1870 799 2271 885; x_wconf 86' lang='lat' dir='ltr'><strong>depinxerit”</strong></span> <span class='ocrx_word' id='word_1_29' title='bbox 2316 800 2739 866; x_wconf 84' lang='lat' dir='ltr'><strong>substitutum</strong></span> <span class='ocrx_word' id='word_1_30' title='bbox 2782 805 2881 864; x_wconf 86' lang='lat' dir='ltr'><strong>est</strong></span> <span class='ocrx_word' id='word_1_31' title='bbox 2916 796 3091 863; x_wconf 75' lang='lat' dir='ltr'><strong>Pen‘·</strong></span> 
     </span>
     <span class='ocr_line' id='line_1_5' title="bbox 687 903 3089 993; baseline 0 -25"><span class='ocrx_word' id='word_1_32' title='bbox 687 909 946 988; x_wconf 69' lang='lat' dir='ltr'><strong>pacatico</strong></span> <span class='ocrx_word' id='word_1_33' title='bbox 1011 909 1124 969; x_wconf 85' lang='lat' dir='ltr'><strong>aut</strong></span> <span class='ocrx_word' id='word_1_34' title='bbox 1187 905 1488 988; x_wconf 65' lang='lat' dir='ltr'><strong>tripertito</strong></span> <span class='ocrx_word' id='word_1_35' title='bbox 1549 905 1911 993; x_wconf 79' lang='lat' dir='ltr'><strong>(Bernays).</strong></span> <span class='ocrx_word' id='word_1_36' title='bbox 1984 905 2109 972; x_wconf 87' lang='lat' dir='ltr'><strong>His</strong></span> <span class='ocrx_word' id='word_1_37' title='bbox 2172 908 2551 972; x_wconf 87' lang='lat' dir='ltr'><strong>coniecturis</strong></span> <span class='ocrx_word' id='word_1_38' title='bbox 2606 925 2751 970; x_wconf 88' lang='lat' dir='ltr'><strong>mea</strong></span> <span class='ocrx_word' id='word_1_39' title='bbox 2796 903 3089 970; x_wconf 81' lang='lat' dir='ltr'><strong>accedat:</strong></span> 
     </span>
     <span class='ocr_line' id='line_1_6' title="bbox 693 1012 3091 1102; baseline 0 -26"><span class='ocrx_word' id='word_1_40' title='bbox 693 1027 777 1076; x_wconf 73' lang='lat' dir='ltr'><strong>Pa</strong></span> <span class='ocrx_word' id='word_1_41' title='bbox 833 1031 1040 1077; x_wconf 87' lang='lat' dir='ltr'><strong>errore</strong></span> <span class='ocrx_word' id='word_1_42' title='bbox 1103 1012 1202 1076; x_wconf 87' lang='lat' dir='ltr'><strong>bis</strong></span> <span class='ocrx_word' id='word_1_43' title='bbox 1267 1015 1576 1100; x_wconf 89' lang='lat' dir='ltr'><strong>scriptum</strong></span> <span class='ocrx_word' id='word_1_44' title='bbox 1641 1018 1837 1098; x_wconf 78' lang='lat' dir='ltr'><strong>put03</strong></span> <span class='ocrx_word' id='word_1_45' title='bbox 1890 1019 2085 1080; x_wconf 84' lang='lat' dir='ltr'><strong>restat</strong></span> <span class='ocrx_word' id='word_1_46' title='bbox 2132 1030 2487 1079; x_wconf 67' lang='lat' dir='ltr'><strong>musmo</strong></span> <span class='ocrx_word' id='word_1_47' title='bbox 2528 1015 2601 1078; x_wconf 88' lang='lat' dir='ltr'><strong>in</strong></span> <span class='ocrx_word' id='word_1_48' title='bbox 2646 1033 2773 1097; x_wconf 90' lang='lat' dir='ltr'><strong>quo</strong></span> <span class='ocrx_word' id='word_1_49' title='bbox 2818 1029 3091 1102; x_wconf 83' lang='lat' dir='ltr'><strong>agnosco</strong></span> 
     </span>
     <span class='ocr_line' id='line_1_7' title="bbox 691 1117 3093 1205; baseline -0.001 -23"><span class='ocrx_word' id='word_1_50' title='bbox 691 1133 980 1183; x_wconf 72' lang='lat' dir='ltr'><strong>muno.</strong></span> <span class='ocrx_word' id='word_1_51' title='bbox 1061 1117 1325 1184; x_wconf 85' lang='lat' dir='ltr'><strong>Initium</strong></span> <span class='ocrx_word' id='word_1_52' title='bbox 1396 1118 1660 1205; x_wconf 86' lang='lat' dir='ltr'><strong>politiae</strong></span> <span class='ocrx_word' id='word_1_53' title='bbox 1726 1118 2094 1186; x_wconf 73' lang='lat' dir='ltr'><strong>Platonicae</strong></span> <span class='ocrx_word' id='word_1_54' title='bbox 2156 1125 2253 1186; x_wconf 89' lang='lat' dir='ltr'><strong>est</strong></span> <span class='ocrx_word' id='word_1_55' title='bbox 2313 1119 2591 1198; x_wconf 70' lang='grc' dir='ltr'><strong>κατέβην</strong></span> <span class='ocrx_word' id='word_1_56' title='bbox 2646 1119 2797 1200; x_wconf 72' lang='grc' dir='ltr'><strong>χθὲς</strong></span> <span class='ocrx_word' id='word_1_57' title='bbox 2842 1119 2901 1191; x_wconf 78' lang='grc' dir='ltr'><strong>ἐς</strong></span> <span class='ocrx_word' id='word_1_58' title='bbox 2950 1127 3093 1182; x_wconf 79' lang='grc' dir='ltr'><strong><em>Πει-</em></strong></span> 
     </span>
     <span class='ocr_line' id='line_1_8' title="bbox 691 1221 3095 1311; baseline 0 -24"><span class='ocrx_word' id='word_1_59' title='bbox 691 1226 838 1302; x_wconf 70' lang='grc' dir='ltr'><strong>ραιᾶ</strong></span> <span class='ocrx_word' id='word_1_60' title='bbox 857 1269 874 1300; x_wconf 86' lang='grc'><strong><em>,</em></strong></span> <span class='ocrx_word' id='word_1_61' title='bbox 940 1227 1005 1290; x_wconf 88' lang='lat' dir='ltr'><strong>et</strong></span> <span class='ocrx_word' id='word_1_62' title='bbox 1066 1226 1155 1311; x_wconf 69' lang='lat' dir='ltr'><strong>in⁸</strong></span> <span class='ocrx_word' id='word_1_63' title='bbox 1197 1222 1428 1290; x_wconf 77' lang='lat' dir='ltr'>Piraeo</span> <span class='ocrx_word' id='word_1_64' title='bbox 1489 1245 1698 1291; x_wconf 87' lang='lat' dir='ltr'><strong>sermo</strong></span> <span class='ocrx_word' id='word_1_65' title='bbox 1760 1224 1875 1290; x_wconf 90' lang='lat' dir='ltr'><strong>ille</strong></span> <span class='ocrx_word' id='word_1_66' title='bbox 1938 1231 2111 1292; x_wconf 85' lang='lat' dir='ltr'><strong>totus</strong></span> <span class='ocrx_word' id='word_1_67' title='bbox 2178 1225 2472 1291; x_wconf 87' lang='lat' dir='ltr'><strong>habetur.</strong></span> <span class='ocrx_word' id='word_1_68' title='bbox 2560 1223 2813 1290; x_wconf 83' lang='lat' dir='ltr'><strong>Nomen</strong></span> <span class='ocrx_word' id='word_1_69' title='bbox 2880 1221 3095 1288; x_wconf 86' lang='lat' dir='ltr'><strong>Piraei</strong></span> 
     </span>
     <span class='ocr_line' id='line_1_9' title="bbox 691 1323 3091 1416; baseline 0 -22"><span class='ocrx_word' id='word_1_70' title='bbox 691 1323 916 1394; x_wconf 81' lang='lat' dir='ltr'><strong>Cicero</strong></span> <span class='ocrx_word' id='word_1_71' title='bbox 978 1327 1058 1393; x_wconf 89' lang='lat' dir='ltr'><strong>ad</strong></span> <span class='ocrx_word' id='word_1_72' title='bbox 1122 1349 1418 1416; x_wconf 75' lang='lat' dir='ltr'><strong>graecam</strong></span> <span class='ocrx_word' id='word_1_73' title='bbox 1485 1349 1777 1396; x_wconf 86' lang='lat' dir='ltr'><strong>normam</strong></span> <span class='ocrx_word' id='word_1_74' title='bbox 1840 1329 2025 1396; x_wconf 81' lang='lat' dir='ltr'><strong>flexit</strong></span> <span class='ocrx_word' id='word_1_75' title='bbox 2086 1331 2373 1416; x_wconf 76' lang='lat' dir='ltr'><strong>(Piraeea</strong></span> <span class='ocrx_word' id='word_1_76' title='bbox 2418 1333 2485 1396; x_wconf 89' lang='lat' dir='ltr'><strong>in</strong></span> <span class='ocrx_word' id='word_1_77' title='bbox 2534 1331 2689 1414; x_wconf 82' lang='lat' dir='ltr'><strong>acc.)</strong></span> <span class='ocrx_word' id='word_1_78' title='bbox 2738 1328 2907 1414; x_wconf 89' lang='lat' dir='ltr'><strong>quod</strong></span> <span class='ocrx_word' id='word_1_79' title='bbox 2954 1331 3091 1414; x_wconf 86' lang='lat' dir='ltr'><strong>ipse</strong></span> 
     </span>
     <span class='ocr_line' id='line_1_10' title="bbox 693 1435 3091 1516; baseline 0 -18"><span class='ocrx_word' id='word_1_80' title='bbox 693 1435 886 1498; x_wconf 84' lang='lat' dir='ltr'><strong>refert</strong></span> <span class='ocrx_word' id='word_1_81' title='bbox 949 1441 1016 1500; x_wconf 92' lang='lat' dir='ltr'><strong>et</strong></span> <span class='ocrx_word' id='word_1_82' title='bbox 1077 1441 1338 1500; x_wconf 86' lang='lat' dir='ltr'><strong>excusat</strong></span> <span class='ocrx_word' id='word_1_83' title='bbox 1393 1435 1474 1500; x_wconf 86' lang='lat' dir='ltr'><strong>ad</strong></span> <span class='ocrx_word' id='word_1_84' title='bbox 1521 1437 1656 1501; x_wconf 82' lang='lat' dir='ltr'><strong>Att.</strong></span> <span class='ocrx_word' id='word_1_85' title='bbox 1709 1435 1859 1502; x_wconf 85' lang='lat' dir='ltr'><strong>VII.</strong></span> <span class='ocrx_word' id='word_1_86' title='bbox 1906 1437 1971 1503; x_wconf 82' lang='lat'><strong>3.</strong></span> <span class='ocrx_word' id='word_1_87' title='bbox 2024 1437 2143 1516; x_wconf 83' lang='lat'><strong>10;</strong></span> <span class='ocrx_word' id='word_1_88' title='bbox 2195 1438 2345 1503; x_wconf 89' lang='lat' dir='ltr'><strong>hinc</strong></span> <span class='ocrx_word' id='word_1_89' title='bbox 2390 1437 2471 1502; x_wconf 85' lang='lat' dir='ltr'><strong>ad</strong></span> <span class='ocrx_word' id='word_1_90' title='bbox 2516 1435 2828 1502; x_wconf 86' lang='lat' dir='ltr'><strong>rationem</strong></span> <span class='ocrx_word' id='word_1_91' title='bbox 2876 1435 3091 1500; x_wconf 85' lang='lat' dir='ltr'><strong>adiec-</strong></span> 
     </span>
     <span class='ocr_line' id='line_1_11' title="bbox 691 1539 3089 1630; baseline 0 -26"><span class='ocrx_word' id='word_1_92' title='bbox 691 1541 976 1606; x_wconf 81' lang='lat' dir='ltr'><strong>tivorum</strong></span> <span class='ocrx_word' id='word_1_93' title='bbox 1029 1541 1316 1619; x_wconf 66' lang='lat' dir='ltr'><strong>Theseu,</strong></span> <span class='ocrx_word' id='word_1_94' title='bbox 1374 1541 1674 1625; x_wconf 63' lang='lat' dir='ltr'><strong>orpheus,</strong></span> <span class='ocrx_word' id='word_1_95' title='bbox 1729 1541 2003 1608; x_wconf 89' lang='lat' dir='ltr'><strong>aliorum</strong></span> <span class='ocrx_word' id='word_1_96' title='bbox 2052 1541 2421 1630; x_wconf 84' lang='lat' dir='ltr'><strong>fingendum</strong></span> <span class='ocrx_word' id='word_1_97' title='bbox 2473 1547 2610 1607; x_wconf 84' lang='lat' dir='ltr'><strong>erat</strong></span> <span class='ocrx_word' id='word_1_98' title='bbox 2656 1542 2835 1626; x_wconf 84' lang='lat' dir='ltr'><strong>quasi</strong></span> <span class='ocrx_word' id='word_1_99' title='bbox 2881 1560 2922 1606; x_wconf 80' lang='lat' dir='ltr'><strong>a</strong></span> <span class='ocrx_word' id='word_1_100' title='bbox 2980 1539 3089 1603; x_wconf 66' lang='lat' dir='ltr'><strong><em>Po·-</em></strong></span> 
     </span>
     <span class='ocr_line' id='line_1_12' title="bbox 691 1645 3087 1733; baseline -0.001 -23"><span class='ocrx_word' id='word_1_101' title='bbox 691 1667 940 1711; x_wconf 69' lang='lat' dir='ltr'><strong>racem.-</strong></span> <span class='ocrx_word' id='word_1_102' title='bbox 1003 1649 1330 1731; x_wconf 64' lang='lat' dir='ltr'><strong>Piraeeus,</strong></span> <span class='ocrx_word' id='word_1_103' title='bbox 1391 1647 1586 1732; x_wconf 88' lang='lat' dir='ltr'><strong>idque</strong></span> <span class='ocrx_word' id='word_1_104' title='bbox 1643 1645 2013 1714; x_wconf 76' lang='lat' dir='ltr'>Ciceronem</span> <span class='ocrx_word' id='word_1_105' title='bbox 2078 1649 2301 1714; x_wconf 86' lang='lat' dir='ltr'><strong>fecisse</strong></span> <span class='ocrx_word' id='word_1_106' title='bbox 2362 1645 2689 1733; x_wconf 78' lang='lat' dir='ltr'><strong>probabile</strong></span> <span class='ocrx_word' id='word_1_107' title='bbox 2758 1651 2893 1730; x_wconf 89' lang='lat' dir='ltr'><strong>est,</strong></span> <span class='ocrx_word' id='word_1_108' title='bbox 2962 1645 3087 1709; x_wconf 88' lang='lat' dir='ltr'><strong>etsi</strong></span> 
     </span>
     <span class='ocr_line' id='line_1_13' title="bbox 692 1751 3089 1838; baseline -0.001 -21"><span class='ocrx_word' id='word_1_109' title='bbox 692 1751 1065 1838; x_wconf 78' lang='lat' dir='ltr'><strong>Propertius</strong></span> <span class='ocrx_word' id='word_1_110' title='bbox 1123 1759 1189 1818; x_wconf 86' lang='lat' dir='ltr'><strong>et</strong></span> <span class='ocrx_word' id='word_1_111' title='bbox 1235 1752 1508 1819; x_wconf 82' lang='lat' dir='ltr'><strong>Ovidius</strong></span> <span class='ocrx_word' id='word_1_112' title='bbox 1555 1756 1805 1838; x_wconf 85' lang='lat' dir='ltr'><strong>poetica</strong></span> <span class='ocrx_word' id='word_1_113' title='bbox 1848 1754 2147 1820; x_wconf 88' lang='lat' dir='ltr'><strong>libertate</strong></span> <span class='ocrx_word' id='word_1_114' title='bbox 2190 1757 2295 1820; x_wconf 89' lang='lat' dir='ltr'><strong>usi</strong></span> <span class='ocrx_word' id='word_1_115' title='bbox 2340 1754 2579 1836; x_wconf 74' lang='lat' dir='ltr'><strong>(Piraei</strong></span> <span class='ocrx_word' id='word_1_116' title='bbox 2624 1753 2837 1816; x_wconf 74' lang='lat' dir='ltr'><strong>littora</strong></span> <span class='ocrx_word' id='word_1_117' title='bbox 2868 1757 3089 1834; x_wconf 70' lang='lat' dir='ltr'><strong>portu</strong></span> 
     </span>
     <span class='ocr_line' id='line_1_14' title="bbox 692 1857 3089 1948; baseline -0.001 -25"><span class='ocrx_word' id='word_1_118' title='bbox 692 1863 758 1924; x_wconf 89' lang='lat' dir='ltr'><strong>et</strong></span> <span class='ocrx_word' id='word_1_119' title='bbox 815 1857 1042 1923; x_wconf 73' lang='lat' dir='ltr'><strong>Piraeo</strong></span> <span class='ocrx_word' id='word_1_120' title='bbox 1087 1859 1318 1940; x_wconf 71' lang='lat' dir='ltr'><strong>littora)</strong></span> <span class='ocrx_word' id='word_1_121' title='bbox 1369 1859 1759 1926; x_wconf 77' lang='lat' dir='ltr'><strong>adiectivum</strong></span> <span class='ocrx_word' id='word_1_122' title='bbox 1810 1860 2277 1948; x_wconf 82' lang='lat' dir='ltr'><strong>homonymum</strong></span> <span class='ocrx_word' id='word_1_123' title='bbox 2326 1859 2729 1925; x_wconf 81' lang='lat' dir='ltr'><strong>substantivo</strong></span> <span class='ocrx_word' id='word_1_124' title='bbox 2774 1857 3089 1922; x_wconf 75' lang='lat' dir='ltr'><strong>formave-</strong></span> 
     </span>
     <span class='ocr_line' id='line_1_15' title="bbox 691 1960 3085 2053; baseline -0.001 -24"><span class='ocrx_word' id='word_1_125' title='bbox 691 1969 862 2029; x_wconf 89' lang='lat' dir='ltr'><strong>runt.</strong></span> <span class='ocrx_word' id='word_1_126' title='bbox 927 1960 1026 2029; x_wconf 83' lang='lat' dir='ltr'><strong>Cf.</strong></span> <span class='ocrx_word' id='word_1_127' title='bbox 1074 1963 1256 2030; x_wconf 84' lang='lat' dir='ltr'><strong>Neue</strong></span> <span class='ocrx_word' id='word_1_128' title='bbox 1275 2010 1292 2042; x_wconf 88' lang='lat'><em>,</em></span> <span class='ocrx_word' id='word_1_129' title='bbox 1338 1964 1389 2029; x_wconf 93' lang='lat' dir='ltr'><strong>I.</strong></span> <span class='ocrx_word' id='word_1_130' title='bbox 1441 1965 1594 2030; x_wconf 81' lang='lat'><strong>331.</strong></span> <span class='ocrx_word' id='word_1_131' title='bbox 1658 1965 1993 2053; x_wconf 80' lang='lat' dir='ltr'><strong>Bernaysii</strong></span> <span class='ocrx_word' id='word_1_132' title='bbox 2030 1969 2391 2032; x_wconf 84' lang='lat' dir='ltr'><strong>coniectura</strong></span> <span class='ocrx_word' id='word_1_133' title='bbox 2430 1965 2731 2048; x_wconf 70' lang='lat' dir='ltr'><strong>tripertito</strong></span> <span class='ocrx_word' id='word_1_134' title='bbox 2768 1963 2920 2028; x_wconf 86' lang='lat' dir='ltr'><strong>ferri</strong></span> <span class='ocrx_word' id='word_1_135' title='bbox 2956 1981 3085 2028; x_wconf 80' lang='lat' dir='ltr'><strong>non</strong></span> 
     </span>
     <span class='ocr_line' id='line_1_16' title="bbox 691 2071 3083 2157; baseline 0.001 -23"><span class='ocrx_word' id='word_1_136' title='bbox 691 2075 902 2154; x_wconf 74' lang='lat' dir='ltr'><strong>potest</strong></span> <span class='ocrx_word' id='word_1_137' title='bbox 958 2071 1112 2154; x_wconf 75' lang='lat' dir='ltr'><strong>quia</strong></span> <span class='ocrx_word' id='word_1_138' title='bbox 1171 2072 1468 2137; x_wconf 72' lang='grc' dir='ltr'><strong>ΠολιτιΙα</strong></span> <span class='ocrx_word' id='word_1_139' title='bbox 1489 2118 1506 2149; x_wconf 86' lang='grc'>,</span> <span class='ocrx_word' id='word_1_140' title='bbox 1569 2079 1877 2157; x_wconf 74' lang='grc' dir='ltr'><strong>Τιμαῖος,</strong></span> <span class='ocrx_word' id='word_1_141' title='bbox 1944 2073 2194 2152; x_wconf 71' lang='grc' dir='ltr'><strong>Κριτίας</strong></span> <span class='ocrx_word' id='word_1_142' title='bbox 2248 2092 2373 2138; x_wconf 85' lang='lat' dir='ltr'><strong>non</strong></span> <span class='ocrx_word' id='word_1_143' title='bbox 2420 2077 2569 2137; x_wconf 78' lang='lat' dir='ltr'><strong>sunt</strong></span> <span class='ocrx_word' id='word_1_144' title='bbox 2618 2092 2785 2136; x_wconf 79' lang='lat' dir='ltr'><strong>unus</strong></span> <span class='ocrx_word' id='word_1_145' title='bbox 2834 2089 3045 2136; x_wconf 76' lang='lat' dir='ltr'><strong>sermo</strong></span> <span class='ocrx_word' id='word_1_146' title='bbox 3064 2115 3083 2146; x_wconf 83' lang='lat'>‚</span> 
     </span>
     <span class='ocr_line' id='line_1_17' title="bbox 692 2173 3087 2265; baseline 0 -25"><span class='ocrx_word' id='word_1_147' title='bbox 692 2195 808 2240; x_wconf 87' lang='lat' dir='ltr'><strong>uec</strong></span> <span class='ocrx_word' id='word_1_148' title='bbox 877 2173 1168 2241; x_wconf 77' lang='lat' dir='ltr'><strong>Socrates</strong></span> <span class='ocrx_word' id='word_1_149' title='bbox 1237 2179 1304 2241; x_wconf 88' lang='lat' dir='ltr'><strong>in</strong></span> <span class='ocrx_word' id='word_1_150' title='bbox 1375 2175 1576 2244; x_wconf 85' lang='lat' dir='ltr'><strong>altera</strong></span> <span class='ocrx_word' id='word_1_151' title='bbox 1633 2185 1698 2243; x_wconf 89' lang='lat' dir='ltr'><strong>et</strong></span> <span class='ocrx_word' id='word_1_152' title='bbox 1756 2181 1947 2243; x_wconf 90' lang='lat' dir='ltr'><strong>tertia</strong></span> <span class='ocrx_word' id='word_1_153' title='bbox 2006 2185 2185 2264; x_wconf 76' lang='lat' dir='ltr'><strong>parte</strong></span> <span class='ocrx_word' id='word_1_154' title='bbox 2250 2177 2545 2265; x_wconf 83' lang='lat' dir='ltr'><strong>trilogiae</strong></span> <span class='ocrx_word' id='word_1_155' title='bbox 2602 2175 2783 2241; x_wconf 84' lang='lat' dir='ltr'><strong>illius</strong></span> <span class='ocrx_word' id='word_1_156' title='bbox 2841 2176 3087 2260; x_wconf 82' lang='lat' dir='ltr'><strong>primas</strong></span> 
     </span>
     <span class='ocr_line' id='line_1_18' title="bbox 691 2283 3085 2369; baseline 0.001 -25"><span class='ocrx_word' id='word_1_157' title='bbox 691 2285 903 2365; x_wconf 75' lang='lat' dir='ltr'><strong>partes</strong></span> <span class='ocrx_word' id='word_1_158' title='bbox 965 2283 1126 2369; x_wconf 80' lang='lat' dir='ltr'><strong>agit.</strong></span> <span class='ocrx_word' id='word_1_159' title='bbox 1197 2283 1632 2366; x_wconf 66' lang='lat' dir='ltr'><strong>Peripateticus</strong></span> <span class='ocrx_word' id='word_1_160' title='bbox 1693 2290 1909 2349; x_wconf 81' lang='lat' dir='ltr'><strong>autem</strong></span> <span class='ocrx_word' id='word_1_161' title='bbox 1976 2303 2187 2348; x_wconf 86' lang='lat' dir='ltr'><strong>sermo</strong></span> <span class='ocrx_word' id='word_1_162' title='bbox 2249 2283 2377 2349; x_wconf 87' lang='lat' dir='ltr'><strong>dici</strong></span> <span class='ocrx_word' id='word_1_163' title='bbox 2439 2303 2563 2348; x_wconf 86' lang='lat' dir='ltr'><strong>nou</strong></span> <span class='ocrx_word' id='word_1_164' title='bbox 2628 2287 2835 2367; x_wconf 84' lang='lat' dir='ltr'><strong>potest</strong></span> <span class='ocrx_word' id='word_1_165' title='bbox 2850 2301 2868 2360; x_wconf 90' lang='lat'>;</span> <span class='ocrx_word' id='word_1_166' title='bbox 2944 2283 3085 2346; x_wconf 82' lang='lat' dir='ltr'><strong>sive</strong></span> 
     </span>
     <span class='ocr_line' id='line_1_19' title="bbox 691 2385 3083 2476; baseline 0.001 -27"><span class='ocrx_word' id='word_1_167' title='bbox 691 2387 864 2450; x_wconf 79' lang='lat' dir='ltr'><strong>enim</strong></span> <span class='ocrx_word' id='word_1_168' title='bbox 913 2385 994 2451; x_wconf 84' lang='lat' dir='ltr'><strong>ad</strong></span> <span class='ocrx_word' id='word_1_169' title='bbox 1033 2393 1487 2475; x_wconf 78' lang='lat' dir='ltr'><strong>argumentum</strong></span> <span class='ocrx_word' id='word_1_170' title='bbox 1527 2390 1664 2457; x_wconf 79' lang='lat' dir='ltr'><strong>sive</strong></span> <span class='ocrx_word' id='word_1_171' title='bbox 1704 2388 1786 2454; x_wconf 85' lang='lat' dir='ltr'><strong>ad</strong></span> <span class='ocrx_word' id='word_1_172' title='bbox 1826 2390 2101 2454; x_wconf 88' lang='lat' dir='ltr'><strong>formam</strong></span> <span class='ocrx_word' id='word_1_173' title='bbox 2140 2386 2382 2476; x_wconf 89' lang='lat' dir='ltr'><strong>dialogi</strong></span> <span class='ocrx_word' id='word_1_174' title='bbox 2422 2387 2745 2464; x_wconf 80' lang='lat' dir='ltr'><strong>attendas,</strong></span> <span class='ocrx_word' id='word_1_175' title='bbox 2790 2386 3083 2452; x_wconf 83' lang='lat' dir='ltr'><strong>multum</strong></span> 
     </span>
     <span class='ocr_line' id='line_1_20' title="bbox 688 2491 3083 2561; baseline -0 -4"><span class='ocrx_word' id='word_1_176' title='bbox 688 2494 954 2557; x_wconf 90' lang='lat' dir='ltr'><strong>interest</strong></span> <span class='ocrx_word' id='word_1_177' title='bbox 1018 2493 1184 2557; x_wconf 87' lang='lat' dir='ltr'><strong>inter</strong></span> <span class='ocrx_word' id='word_1_178' title='bbox 1230 2493 1676 2561; x_wconf 86' lang='lat' dir='ltr'><strong>Aristotelium</strong></span> <span class='ocrx_word' id='word_1_179' title='bbox 1727 2513 1973 2559; x_wconf 88' lang='lat' dir='ltr'><strong>morem</strong></span> <span class='ocrx_word' id='word_1_180' title='bbox 2021 2501 2087 2559; x_wconf 90' lang='lat' dir='ltr'><strong>et</strong></span> <span class='ocrx_word' id='word_1_181' title='bbox 2134 2493 2563 2558; x_wconf 75' lang='lat' dir='ltr'><strong>Platonicum.</strong></span> <span class='ocrx_word' id='word_1_182' title='bbox 2634 2491 2859 2558; x_wconf 85' lang='lat' dir='ltr'><strong>Nihilo</strong></span> <span class='ocrx_word' id='word_1_183' title='bbox 2906 2491 3083 2558; x_wconf 87' lang='lat' dir='ltr'><strong>dete-</strong></span> 
     </span>
     <span class='ocr_line' id='line_1_21' title="bbox 686 2598 3080 2687; baseline 0 -23"><span class='ocrx_word' id='word_1_184' title='bbox 686 2602 821 2665; x_wconf 86' lang='lat' dir='ltr'><strong>rius</strong></span> <span class='ocrx_word' id='word_1_185' title='bbox 867 2600 1366 2684; x_wconf 75' lang='lat' dir='ltr'><strong>Peripateticum</strong></span> <span class='ocrx_word' id='word_1_186' title='bbox 1417 2607 1483 2666; x_wconf 87' lang='lat' dir='ltr'><strong>et</strong></span> <span class='ocrx_word' id='word_1_187' title='bbox 1531 2601 1977 2667; x_wconf 78' lang='lat' dir='ltr'><strong>Aristotelium</strong></span> <span class='ocrx_word' id='word_1_188' title='bbox 2024 2600 2357 2687; x_wconf 80' lang='lat' dir='ltr'><strong>dialogum</strong></span> <span class='ocrx_word' id='word_1_189' title='bbox 2404 2599 2763 2665; x_wconf 62' lang='lat' dir='ltr'><strong>Socraticum</strong></span> <span class='ocrx_word' id='word_1_190' title='bbox 2798 2598 3080 2672; x_wconf 84' lang='lat' dir='ltr'><strong>diceres.</strong></span> 
     </span>
     <span class='ocr_line' id='line_1_22' title="bbox 688 2704 1652 2792; baseline 0.002 -23"><span class='ocrx_word' id='word_1_191' title='bbox 688 2704 856 2789; x_wconf 91' lang='lat' dir='ltr'><strong>quod</strong></span> <span class='ocrx_word' id='word_1_192' title='bbox 905 2726 1056 2771; x_wconf 88' lang='lat' dir='ltr'><strong>sane</strong></span> <span class='ocrx_word' id='word_1_193' title='bbox 1101 2725 1292 2772; x_wconf 90' lang='lat' dir='ltr'><strong>nemo</strong></span> <span class='ocrx_word' id='word_1_194' title='bbox 1337 2707 1652 2792; x_wconf 82' lang='lat' dir='ltr'><strong>probabit.</strong></span> 
     </span>
    </p>

    <p class='ocr_par' dir='ltr' id='par_1_4' title="bbox 684 2808 3082 4483">
     <span class='ocr_line' id='line_1_23' title="bbox 781 2808 3073 2898; baseline -0.001 -22"><span class='ocrx_word' id='word_1_195' title='bbox 781 2810 858 2876; x_wconf 89' lang='lat' dir='ltr'><strong>In</strong></span> <span class='ocrx_word' id='word_1_196' title='bbox 923 2814 1229 2896; x_wconf 78' lang='lat' dir='ltr'><strong>proximis</strong></span> <span class='ocrx_word' id='word_1_197' title='bbox 1291 2820 1546 2898; x_wconf 88' lang='lat' dir='ltr'><strong>propter</strong></span> <span class='ocrx_word' id='word_1_198' title='bbox 1607 2818 1999 2878; x_wconf 73' lang='lat' dir='ltr'><strong>structuram</strong></span> <span class='ocrx_word' id='word_1_199' title='bbox 2062 2812 2305 2897; x_wconf 89' lang='lat' dir='ltr'><strong>periodi</strong></span> <span class='ocrx_word' id='word_1_200' title='bbox 2371 2810 2615 2896; x_wconf 86' lang='lat' dir='ltr'><strong>aliquid</strong></span> <span class='ocrx_word' id='word_1_201' title='bbox 2662 2808 3073 2875; x_wconf 78' lang='lat' dir='ltr'><strong>mutandum.</strong></span> 
     </span>
     <span class='ocr_line' id='line_1_24' title="bbox 687 2916 3082 3005; baseline -0.001 -25"><span class='ocrx_word' id='word_1_202' title='bbox 687 2916 865 2981; x_wconf 89' lang='lat' dir='ltr'><strong>Dicit</strong></span> <span class='ocrx_word' id='word_1_203' title='bbox 921 2926 1141 2983; x_wconf 79' lang='lat' dir='ltr'><strong>auctor</strong></span> <span class='ocrx_word' id='word_1_204' title='bbox 1203 2918 1366 2984; x_wconf 85' lang='lat' dir='ltr'><strong>fere·</strong></span> <span class='ocrx_word' id='word_1_205' title='bbox 1431 2921 1642 3003; x_wconf 89' lang='lat' dir='ltr'><strong>prima</strong></span> <span class='ocrx_word' id='word_1_206' title='bbox 1700 2921 1788 2983; x_wconf 87' lang='lat' dir='ltr'><strong>sit</strong></span> <span class='ocrx_word' id='word_1_207' title='bbox 1848 2918 2007 2984; x_wconf 88' lang='lat' dir='ltr'><strong>haec</strong></span> <span class='ocrx_word' id='word_1_208' title='bbox 2068 2919 2275 2984; x_wconf 84' lang='lat' dir='ltr'><strong>forma</strong></span> <span class='ocrx_word' id='word_1_209' title='bbox 2320 2925 2387 2983; x_wconf 90' lang='lat' dir='ltr'><strong>et</strong></span> <span class='ocrx_word' id='word_1_210' title='bbox 2431 2919 2611 3005; x_wconf 89' lang='lat' dir='ltr'><strong>origo</strong></span> <span class='ocrx_word' id='word_1_211' title='bbox 2660 2917 2955 3002; x_wconf 75' lang='lat' dir='ltr'><strong>tyranni,</strong></span> <span class='ocrx_word' id='word_1_212' title='bbox 3002 2921 3082 2979; x_wconf 85' lang='lat' dir='ltr'><strong>ut</strong></span> 
     </span>
     <span class='ocr_line' id='line_1_25' title="bbox 689 3019 3082 3111; baseline -0 -25"><span class='ocrx_word' id='word_1_213' title='bbox 689 3022 1234 3107; x_wconf 87' lang='lat' dir='ltr'><strong>quemadmodum</strong></span> <span class='ocrx_word' id='word_1_214' title='bbox 1281 3022 1667 3109; x_wconf 79' lang='lat' dir='ltr'><strong>Tarquinius</strong></span> <span class='ocrx_word' id='word_1_215' title='bbox 1711 3044 1985 3111; x_wconf 85' lang='lat' dir='ltr'><strong>regnum</strong></span> <span class='ocrx_word' id='word_1_216' title='bbox 2034 3026 2367 3101; x_wconf 84' lang='lat' dir='ltr'><strong>everterit,</strong></span> <span class='ocrx_word' id='word_1_217' title='bbox 2416 3025 2503 3087; x_wconf 88' lang='lat' dir='ltr'><strong>sit</strong></span> <span class='ocrx_word' id='word_1_218' title='bbox 2548 3024 2877 3107; x_wconf 84' lang='lat' dir='ltr'><strong>oppositus</strong></span> <span class='ocrx_word' id='word_1_219' title='bbox 2915 3019 3082 3086; x_wconf 84' lang='lat' dir='ltr'><strong>alter</strong></span> 
     </span>
     <span class='ocr_line' id='line_1_26' title="bbox 690 3128 3081 3213; baseline -0.002 -19"><span class='ocrx_word' id='word_1_220' title='bbox 690 3128 922 3211; x_wconf 89' lang='lat' dir='ltr'><strong>probus</strong></span> <span class='ocrx_word' id='word_1_221' title='bbox 965 3134 1028 3195; x_wconf 89' lang='lat' dir='ltr'><strong>et</strong></span> <span class='ocrx_word' id='word_1_222' title='bbox 1079 3136 1282 3194; x_wconf 84' lang='lat' dir='ltr'><strong>rector</strong></span> <span class='ocrx_word' id='word_1_223' title='bbox 1327 3128 1666 3195; x_wconf 83' lang='lat' dir='ltr'><strong>civitatis’&#39;.</strong></span> <span class='ocrx_word' id='word_1_224' title='bbox 1742 3131 1965 3195; x_wconf 84' lang='lat' dir='ltr'><strong>Prima</strong></span> <span class='ocrx_word' id='word_1_225' title='bbox 2008 3130 2363 3195; x_wconf 84' lang='lat' dir='ltr'><strong>sententiae</strong></span> <span class='ocrx_word' id='word_1_226' title='bbox 2409 3136 2587 3213; x_wconf 84' lang='lat' dir='ltr'><strong>parte</strong></span> <span class='ocrx_word' id='word_1_227' title='bbox 2638 3129 2749 3212; x_wconf 88' lang='lat'><strong>(—-</strong></span> <span class='ocrx_word' id='word_1_228' title='bbox 2798 3128 3081 3210; x_wconf 62' lang='lat' dir='ltr'><strong>depica-</strong></span> 
     </span>
     <span class='ocr_line' id='line_1_27' title="bbox 686 3230 3081 3322; baseline -0.001 -23"><span class='ocrx_word' id='word_1_229' title='bbox 686 3232 798 3320; x_wconf 72' lang='lat' dir='ltr'><strong>n&#39;t)</strong></span> <span class='ocrx_word' id='word_1_230' title='bbox 861 3234 1138 3300; x_wconf 79' lang='lat' dir='ltr'><strong>absolvit</strong></span> <span class='ocrx_word' id='word_1_231' title='bbox 1201 3235 1698 3321; x_wconf 82' lang='lat' dir='ltr'><strong>disputationem</strong></span> <span class='ocrx_word' id='word_1_232' title='bbox 1750 3236 1829 3302; x_wconf 87' lang='lat' dir='ltr'><strong>de</strong></span> <span class='ocrx_word' id='word_1_233' title='bbox 1875 3235 2233 3322; x_wconf 79' lang='lat' dir='ltr'><strong>tyrannidis</strong></span> <span class='ocrx_word' id='word_1_234' title='bbox 2278 3230 2613 3318; x_wconf 80' lang='lat' dir='ltr'><strong>Tarquinii</strong></span> <span class='ocrx_word' id='word_1_235' title='bbox 2659 3252 2920 3320; x_wconf 80' lang='lat' dir='ltr'><strong>genere,</strong></span> <span class='ocrx_word' id='word_1_236' title='bbox 2970 3236 3081 3297; x_wconf 90' lang='lat' dir='ltr'><strong>cui</strong></span> 
     </span>
     <span class='ocr_line' id='line_1_28' title="bbox 687 3338 3078 3429; baseline -0.002 -24"><span class='ocrx_word' id='word_1_237' title='bbox 687 3360 834 3405; x_wconf 90' lang='lat' dir='ltr'><strong>cum</strong></span> <span class='ocrx_word' id='word_1_238' title='bbox 900 3338 1245 3417; x_wconf 83' lang='lat' dir='ltr'><strong>valedixit,</strong></span> <span class='ocrx_word' id='word_1_239' title='bbox 1313 3348 1600 3426; x_wconf 88' lang='lat' dir='ltr'><strong>repetens</strong></span> <span class='ocrx_word' id='word_1_240' title='bbox 1662 3352 2124 3429; x_wconf 87' lang='lat' dir='ltr'><strong>argumentum</strong></span> <span class='ocrx_word' id='word_1_241' title='bbox 2194 3342 2485 3424; x_wconf 88' lang='lat' dir='ltr'><strong>superius</strong></span> <span class='ocrx_word' id='word_1_242' title='bbox 2534 3338 3078 3424; x_wconf 61' lang='lat' dir='ltr'><strong>(quaeamus,</strong></span> 
     </span>
     <span class='ocr_line' id='line_1_29' title="bbox 687 3444 3081 3535; baseline -0 -27"><span class='ocrx_word' id='word_1_243' title='bbox 687 3447 852 3530; x_wconf 87' lang='lat' dir='ltr'><strong>sqq.)</strong></span> <span class='ocrx_word' id='word_1_244' title='bbox 915 3445 1113 3510; x_wconf 89' lang='lat' dir='ltr'><strong>simul</strong></span> <span class='ocrx_word' id='word_1_245' title='bbox 1174 3466 1414 3512; x_wconf 82' lang='lat' dir='ltr'><strong>novum</strong></span> <span class='ocrx_word' id='word_1_246' title='bbox 1479 3448 1775 3533; x_wconf 86' lang='lat' dir='ltr'><strong>proponit</strong></span> <span class='ocrx_word' id='word_1_247' title='bbox 1834 3468 2073 3535; x_wconf 86' lang='lat' dir='ltr'><strong>genus,</strong></span> <span class='ocrx_word' id='word_1_248' title='bbox 2138 3446 2521 3523; x_wconf 69' lang='grc' dir='ltr'><strong>αἰσυμνήτην</strong></span> <span class='ocrx_word' id='word_1_249' title='bbox 2586 3444 2903 3530; x_wconf 89' lang='lat' dir='ltr'><strong>quendam</strong></span> <span class='ocrx_word' id='word_1_250' title='bbox 2963 3449 3081 3510; x_wconf 77' lang='lat' dir='ltr'><strong>aut</strong></span> 
     </span>
     <span class='ocr_line' id='line_1_30' title="bbox 687 3548 3081 3639; baseline -0.001 -22"><span class='ocrx_word' id='word_1_251' title='bbox 687 3558 996 3617; x_wconf 87' lang='lat' dir='ltr'><strong>rectorem</strong></span> <span class='ocrx_word' id='word_1_252' title='bbox 1079 3550 1462 3639; x_wconf 83' lang='lat' dir='ltr'><strong>significans.</strong></span> <span class='ocrx_word' id='word_1_253' title='bbox 1565 3552 1834 3618; x_wconf 79' lang='lat' dir='ltr'><strong>Malim:</strong></span> <span class='ocrx_word' id='word_1_254' title='bbox 1914 3602 1947 3637; x_wconf 77' lang='lat'>„</span> <span class='ocrx_word' id='word_1_255' title='bbox 1979 3600 1997 3618; x_wconf 94' lang='lat'><strong>.</strong></span> <span class='ocrx_word' id='word_1_256' title='bbox 2025 3600 2040 3617; x_wconf 89' lang='lat'><strong>.</strong></span> <span class='ocrx_word' id='word_1_257' title='bbox 2072 3598 2087 3615; x_wconf 87' lang='lat'><strong>.</strong></span> <span class='ocrx_word' id='word_1_258' title='bbox 2114 3552 2487 3637; x_wconf 83' lang='lat' dir='ltr'><strong>depinxerit.</strong></span> <span class='ocrx_word' id='word_1_259' title='bbox 2586 3552 2671 3615; x_wconf 74' lang='lat' dir='ltr'><strong>Et</strong></span> <span class='ocrx_word' id='word_1_260' title='bbox 2736 3570 2931 3635; x_wconf 88' lang='lat' dir='ltr'><strong>quem</strong></span> <span class='ocrx_word' id='word_1_261' title='bbox 2996 3548 3081 3614; x_wconf 75' lang='lat' dir='ltr'><strong>ad</strong></span> 
     </span>
     <span class='ocr_line' id='line_1_31' title="bbox 688 3656 3079 3745; baseline -0 -24"><span class='ocrx_word' id='word_1_262' title='bbox 688 3657 954 3721; x_wconf 89' lang='lat' dir='ltr'><strong>modum</strong></span> <span class='ocrx_word' id='word_1_263' title='bbox 1003 3694 1090 3707; x_wconf 91' lang='lat'><strong>--</strong></span> <span class='ocrx_word' id='word_1_264' title='bbox 1138 3694 1223 3707; x_wconf 90' lang='lat'>—</span> <span class='ocrx_word' id='word_1_265' title='bbox 1269 3662 1354 3723; x_wconf 89' lang='lat' dir='ltr'><strong>sit</strong></span> <span class='ocrx_word' id='word_1_266' title='bbox 1401 3659 1552 3724; x_wconf 91' lang='lat' dir='ltr'><strong>huic</strong></span> <span class='ocrx_word' id='word_1_267' title='bbox 1600 3661 1930 3745; x_wconf 85' lang='lat' dir='ltr'><strong>oppositus</strong></span> <span class='ocrx_word' id='word_1_268' title='bbox 1978 3658 2206 3724; x_wconf 82' lang='lat' dir='ltr'><strong>alter’&#39;.</strong></span> <span class='ocrx_word' id='word_1_269' title='bbox 2278 3656 2491 3745; x_wconf 85' lang='lat' dir='ltr'><strong>Vulgo</strong></span> <span class='ocrx_word' id='word_1_270' title='bbox 2540 3666 2644 3735; x_wconf 72' lang='lat' dir='ltr'><strong>ut,</strong></span> <span class='ocrx_word' id='word_1_271' title='bbox 2694 3656 2974 3729; x_wconf 81' lang='lat' dir='ltr'><strong>fortasse,</strong></span> <span class='ocrx_word' id='word_1_272' title='bbox 2998 3677 3079 3720; x_wconf 84' lang='lat' dir='ltr'><strong>ex</strong></span> 
     </span>
     <span class='ocr_line' id='line_1_32' title="bbox 688 3762 3081 3848; baseline -0.002 -19"><span class='ocrx_word' id='word_1_273' title='bbox 688 3765 1106 3841; x_wconf 80' lang='lat' dir='ltr'><strong>correction03</strong></span> <span class='ocrx_word' id='word_1_274' title='bbox 1163 3763 1246 3828; x_wconf 86' lang='lat' dir='ltr'><strong>cf.</strong></span> <span class='ocrx_word' id='word_1_275' title='bbox 1295 3766 1332 3848; x_wconf 65' lang='grc' dir='ltr'><strong>ἕ</strong></span> <span class='ocrx_word' id='word_1_276' title='bbox 1381 3764 1468 3829; x_wconf 82' lang='lat'><strong>43</strong></span> <span class='ocrx_word' id='word_1_277' title='bbox 1517 3765 1628 3829; x_wconf 90' lang='lat' dir='ltr'><strong>ubi</strong></span> <span class='ocrx_word' id='word_1_278' title='bbox 1675 3784 1755 3830; x_wconf 83' lang='lat' dir='ltr'><strong>ex</strong></span> <span class='ocrx_word' id='word_1_279' title='bbox 1804 3762 1972 3829; x_wconf 81' lang='lat' dir='ltr'><strong>mala</strong></span> <span class='ocrx_word' id='word_1_280' title='bbox 2020 3766 2403 3829; x_wconf 85' lang='lat' dir='ltr'><strong>correctione</strong></span> <span class='ocrx_word' id='word_1_281' title='bbox 2448 3770 2516 3827; x_wconf 75' lang='lat' dir='ltr'><strong>ut</strong></span> <span class='ocrx_word' id='word_1_282' title='bbox 2560 3772 2621 3827; x_wconf 72' lang='lat' dir='ltr'><strong>et</strong></span> <span class='ocrx_word' id='word_1_283' title='bbox 2667 3762 2751 3827; x_wconf 69' lang='lat' dir='ltr'><strong>sit</strong></span> <span class='ocrx_word' id='word_1_284' title='bbox 2794 3774 2861 3827; x_wconf 89' lang='lat' dir='ltr'><strong>et</strong></span> <span class='ocrx_word' id='word_1_285' title='bbox 2908 3769 2965 3827; x_wconf 70' lang='lat' dir='ltr'><strong>ct</strong></span> <span class='ocrx_word' id='word_1_286' title='bbox 3009 3768 3081 3825; x_wconf 58' lang='lat' dir='ltr'><em>a</em></span> 
     </span>
     <span class='ocr_line' id='line_1_33' title="bbox 684 3869 3077 3955; baseline -0.001 -22"><span class='ocrx_word' id='word_1_287' title='bbox 684 3874 766 3934; x_wconf 67' lang='lat' dir='ltr'><strong>eit</strong></span> <span class='ocrx_word' id='word_1_288' title='bbox 825 3870 1103 3953; x_wconf 87' lang='lat' dir='ltr'><strong>positum</strong></span> <span class='ocrx_word' id='word_1_289' title='bbox 1161 3890 1276 3955; x_wconf 86' lang='lat' dir='ltr'><strong>pro</strong></span> <span class='ocrx_word' id='word_1_290' title='bbox 1319 3870 1602 3955; x_wconf 85' lang='lat' dir='ltr'><strong>simplici</strong></span> <span class='ocrx_word' id='word_1_291' title='bbox 1651 3878 1706 3935; x_wconf 76' lang='lat' dir='ltr'><strong>et</strong></span> <span class='ocrx_word' id='word_1_292' title='bbox 1753 3870 1873 3935; x_wconf 70' lang='lat' dir='ltr'><strong>eit:</strong></span> <span class='ocrx_word' id='word_1_293' title='bbox 1926 3870 2265 3955; x_wconf 76' lang='lat' dir='ltr'><strong>„quamvis</strong></span> <span class='ocrx_word' id='word_1_294' title='bbox 2308 3870 2375 3935; x_wconf 91' lang='lat' dir='ltr'><strong>in</strong></span> <span class='ocrx_word' id='word_1_295' title='bbox 2425 3888 2499 3934; x_wconf 86' lang='lat' dir='ltr'><strong>ea</strong></span> <span class='ocrx_word' id='word_1_296' title='bbox 2542 3869 2630 3933; x_wconf 88' lang='lat' dir='ltr'><strong>sit</strong></span> <span class='ocrx_word' id='word_1_297' title='bbox 2676 3878 2737 3931; x_wconf 74' lang='lat' dir='ltr'><strong>et</strong></span> <span class='ocrx_word' id='word_1_298' title='bbox 2782 3874 3077 3944; x_wconf 84' lang='lat' dir='ltr'><strong>senatus,</strong></span> 
     </span>
     <span class='ocr_line' id='line_1_34' title="bbox 689 3973 3081 4062; baseline -0 -22"><span class='ocrx_word' id='word_1_299' title='bbox 689 3980 766 4040; x_wconf 90' lang='lat' dir='ltr'><strong>ut</strong></span> <span class='ocrx_word' id='word_1_300' title='bbox 824 3982 962 4040; x_wconf 89' lang='lat' dir='ltr'><strong>tum</strong></span> <span class='ocrx_word' id='word_1_301' title='bbox 1025 3976 1155 4041; x_wconf 87' lang='lat' dir='ltr'><strong>fuit</strong></span> <span class='ocrx_word' id='word_1_302' title='bbox 1207 4012 1290 4023; x_wconf 89' lang='lat'>—</span> <span class='ocrx_word' id='word_1_303' title='bbox 1340 3982 1398 4040; x_wconf 76' lang='lat' dir='ltr'><strong>et</strong></span> <span class='ocrx_word' id='word_1_304' title='bbox 1459 3978 1546 4041; x_wconf 89' lang='lat' dir='ltr'><strong>sit</strong></span> <span class='ocrx_word' id='word_1_305' title='bbox 1591 3974 1849 4062; x_wconf 86' lang='lat' dir='ltr'><strong>aliquod</strong></span> <span class='ocrx_word' id='word_1_306' title='bbox 1899 3978 2091 4041; x_wconf 84' lang='lat' dir='ltr'><strong>etiam</strong></span> <span class='ocrx_word' id='word_1_307' title='bbox 2141 3974 2363 4061; x_wconf 88' lang='lat' dir='ltr'><strong>populi</strong></span> <span class='ocrx_word' id='word_1_308' title='bbox 2407 3974 2555 4040; x_wconf 83' lang='lat' dir='ltr'><strong>ius”</strong></span> <span class='ocrx_word' id='word_1_309' title='bbox 2574 3994 2591 4052; x_wconf 74' lang='lat'><em>3</em></span> <span class='ocrx_word' id='word_1_310' title='bbox 2638 3973 2719 4038; x_wconf 71' lang='lat' dir='ltr'><strong>eii</strong></span> <span class='ocrx_word' id='word_1_311' title='bbox 2766 3977 3081 4059; x_wconf 85' lang='lat' dir='ltr'><strong>repetitur</strong></span> 
     </span>
     <span class='ocr_line' id='line_1_35' title="bbox 689 4081 3079 4167; baseline -0 -22"><span class='ocrx_word' id='word_1_312' title='bbox 689 4088 833 4166; x_wconf 89' lang='lat' dir='ltr'><strong>post</strong></span> <span class='ocrx_word' id='word_1_313' title='bbox 875 4081 1024 4165; x_wconf 70' lang='lat' dir='ltr'><strong>fuit</strong></span> <span class='ocrx_word' id='word_1_314' title='bbox 1044 4129 1061 4157; x_wconf 90' lang='lat'>‚</span> <span class='ocrx_word' id='word_1_315' title='bbox 1116 4100 1192 4145; x_wconf 93' lang='lat' dir='ltr'><strong>ne</strong></span> <span class='ocrx_word' id='word_1_316' title='bbox 1243 4084 1572 4166; x_wconf 86' lang='lat' dir='ltr'><strong>sequentia</strong></span> <span class='ocrx_word' id='word_1_317' title='bbox 1617 4082 1991 4147; x_wconf 88' lang='lat' dir='ltr'><strong>continuare</strong></span> <span class='ocrx_word' id='word_1_318' title='bbox 2038 4081 2376 4147; x_wconf 80' lang='lat' dir='ltr'><strong>videantur</strong></span> <span class='ocrx_word' id='word_1_319' title='bbox 2420 4082 2713 4167; x_wconf 84' lang='lat' dir='ltr'><strong>proxime</strong></span> <span class='ocrx_word' id='word_1_320' title='bbox 2754 4082 3079 4165; x_wconf 82' lang='lat' dir='ltr'><strong>superiora</strong></span> 
     </span>
     <span class='ocr_line' id='line_1_36' title="bbox 687 4184 3075 4273; baseline -0 -23"><span class='ocrx_word' id='word_1_321' title='bbox 687 4193 756 4250; x_wconf 70' lang='lat' dir='ltr'><strong>ut</strong></span> <span class='ocrx_word' id='word_1_322' title='bbox 814 4193 938 4250; x_wconf 75' lang='lat' dir='ltr'><strong>tum</strong></span> <span class='ocrx_word' id='word_1_323' title='bbox 989 4188 1150 4272; x_wconf 74' lang='lat' dir='ltr'><strong>suit.</strong></span> <span class='ocrx_word' id='word_1_324' title='bbox 1231 4188 1314 4251; x_wconf 75' lang='lat' dir='ltr'><strong>Et</strong></span> <span class='ocrx_word' id='word_1_325' title='bbox 1361 4193 1501 4273; x_wconf 88' lang='lat' dir='ltr'><strong>post</strong></span> <span class='ocrx_word' id='word_1_326' title='bbox 1548 4196 1616 4252; x_wconf 75' lang='lat' dir='ltr'><strong>ut</strong></span> <span class='ocrx_word' id='word_1_327' title='bbox 1660 4190 2105 4272; x_wconf 87' lang='lat' dir='ltr'><strong>interpositum</strong></span> <span class='ocrx_word' id='word_1_328' title='bbox 2152 4188 2189 4271; x_wconf 65' lang='grc'>5</span> <span class='ocrx_word' id='word_1_329' title='bbox 2240 4186 2327 4251; x_wconf 82' lang='grc'><strong>50</strong></span> <span class='ocrx_word' id='word_1_330' title='bbox 2379 4194 2494 4265; x_wconf 81' lang='lat' dir='ltr'><strong>„ut</strong></span> <span class='ocrx_word' id='word_1_331' title='bbox 2541 4192 2607 4251; x_wconf 86' lang='lat' dir='ltr'><strong>et</strong></span> <span class='ocrx_word' id='word_1_332' title='bbox 2652 4186 2781 4251; x_wconf 90' lang='lat' dir='ltr'><strong>iam</strong></span> <span class='ocrx_word' id='word_1_333' title='bbox 2832 4184 3075 4251; x_wconf 85' lang='lat' dir='ltr'><strong>Romu·</strong></span> 
     </span>
     <span class='ocr_line' id='line_1_37' title="bbox 685 4290 3069 4378; baseline -0.001 -21"><span class='ocrx_word' id='word_1_334' title='bbox 685 4290 828 4358; x_wconf 90' lang='lat' dir='ltr'><strong>lum</strong></span> <span class='ocrx_word' id='word_1_335' title='bbox 880 4328 963 4341; x_wconf 89' lang='lat'><em>-</em></span> <span class='ocrx_word' id='word_1_336' title='bbox 1013 4292 1238 4358; x_wconf 85' lang='lat' dir='ltr'><strong>fecisse</strong></span> <span class='ocrx_word' id='word_1_337' title='bbox 1284 4292 1612 4359; x_wconf 88' lang='lat' dir='ltr'><strong>diximus”</strong></span> <span class='ocrx_word' id='word_1_338' title='bbox 1662 4313 1779 4377; x_wconf 87' lang='lat' dir='ltr'><strong>pro</strong></span> <span class='ocrx_word' id='word_1_339' title='bbox 1822 4302 1893 4355; x_wconf 71' lang='lat' dir='ltr'><strong>ut</strong></span> <span class='ocrx_word' id='word_1_340' title='bbox 1938 4298 2076 4357; x_wconf 66' lang='lat' dir='ltr'><strong>imm.</strong></span> <span class='ocrx_word' id='word_1_341' title='bbox 2146 4293 2231 4359; x_wconf 74' lang='lat' dir='ltr'><strong>Et</strong></span> <span class='ocrx_word' id='word_1_342' title='bbox 2270 4294 2429 4378; x_wconf 73' lang='lat' dir='ltr'><strong>qaod</strong></span> <span class='ocrx_word' id='word_1_343' title='bbox 2469 4290 2619 4376; x_wconf 79' lang='lat'><strong>§54</strong></span> <span class='ocrx_word' id='word_1_344' title='bbox 2656 4291 3069 4357; x_wconf 84' lang='lat' dir='ltr'><strong>emendatum</strong></span> 
     </span>
     <span class='ocr_line' id='line_1_38' title="bbox 687 4398 1274 4483; baseline 0.002 -20"><span class='ocrx_word' id='word_1_345' title='bbox 687 4402 786 4463; x_wconf 86' lang='lat' dir='ltr'><strong>est</strong></span> <span class='ocrx_word' id='word_1_346' title='bbox 829 4416 946 4482; x_wconf 88' lang='lat' dir='ltr'><strong>pro</strong></span> <span class='ocrx_word' id='word_1_347' title='bbox 988 4404 1056 4463; x_wconf 74' lang='lat' dir='ltr'><strong>ut</strong></span> <span class='ocrx_word' id='word_1_348' title='bbox 1097 4398 1274 4483; x_wconf 78' lang='lat' dir='ltr'><strong>quod.</strong></span> 
     </span>
    </p>
   </div>
  </div>
 </body>
</html>
