3436 5161
1426 353 1749 403 nonnus.
2648 336 2781 403 219

396 517 564 604 309,
613 517 783 605 327,
833 531 889 587 Π
940 519 1062 606 31,
1113 519 1279 605 621,
1327 532 1370 587 Ρ
1427 519 1590 606 173,
1640 531 1694 586 Σ
1745 518 1911 600 333,
1956 531 2011 587 Τ
2061 519 2242 601 334,
2300 531 2369 588 Ω.
2414 521 2581 600 174,
2624 519 2779 600 767,

396 650 415 691 ι
461 625 636 704 278,
685 627 724 705 ξ
769 625 940 705 493,
989 651 1030 692 τ
1077 626 1231 692 489.

483 733 682 800 Pleno
743 734 844 799 σέο
889 734 1160 800 seribere
1204 733 1358 800 lieet
1405 753 1516 820 pro
1562 739 1670 800 σεῦ
1722 743 1773 800 Φ
1824 733 1955 801 475
2008 739 2075 801 et
2120 759 2139 800 ι
2191 733 2322 802 405
2374 735 2516 823 (ubi
2562 738 2779 801 temen

391 839 512 906 τεὰ
547 840 824 925 malim).
883 883 888 888 -

482 945 610 1012 Sex
653 965 804 1012 vero
848 945 976 1012 loci
1021 957 1413 1034 repugnant:

483 1059 543 1115 T
593 1049 761 1118 185:
807 1051 1006 1132 χαίρω
1053 1057 1162 1118 σεῦ
1213 1052 1566 1134 Λαερτιάδη
1615 1055 1721 1120 τὸν
1768 1056 1955 1133 μῦθον
2000 1053 2296 1127 ἀκούσαις.

487 1167 552 1222 Ω
575 1157 742 1226 ¹750:
767 1150 822 1224 οἳ
846 1159 898 1224 δ’
924 1157 1047 1240 ἄρα
1071 1164 1179 1224 σεῦ
1198 1159 1446 1236 κήδοντο
1472 1161 1575 1226 καὶ
1605 1163 1664 1226 ἐν
1685 1161 1969 1228 θανάτοιό
1984 1185 2095 1242 περ
2122 1159 2265 1242 αἴσῃ
2290 1160 2441 1246 (σεῖο
2465 1159 2517 1225 δ’
2533 1157 2629 1240 ἄρ’
2654 1151 2709 1225 οἳ
2722 1157 2775 1247 Y)

597 1263 764 1332 ¹754:
814 1269 920 1330 σεῦ
966 1265 1020 1331 δ’
1071 1265 1202 1331 ἐπεὶ
1253 1264 1495 1345 ἐξέλετο
1543 1270 1760 1351 ψυχὴν
1805 1269 2109 1344 ταναήκεϊ
2152 1271 2378 1348 χαλκῷ
2426 1263 2634 1352 (σῆνῗ)

507 1392 538 1434 ν
585 1368 754 1436 2312
805 1371 909 1436 xa)
957 1375 1066 1437 σεῦ
1113 1373 1282 1455 Φίλα
1332 1373 1579 1452 yov'mo’
1625 1373 1834 1440 ἱκάνω.
2348 1460 2353 1466 .

498 1498 539 1539 τ
591 1475 756 1542 108:
805 1479 913 1542 σεῦ
971 1478 1145 1552 κλέος
1210 1478 1408 1567 (Lege
1469 1480 1595 1548 σὸν.
1664 1480 1885 1547 Etiam
1932 1501 2204 1568 sequens
2248 1499 2471 1548 verene
2516 1498 2775 1564 corrup·-

387 1581 494 1646 tus
539 1581 684 1668 eet).
2712 1663 2720 1671 ,

500 1711 540 1752 τ
586 1686 755 1756 2153
804 1693 912 1754 σεῦ
959 1689 1115 1768 ξεῖνε
1163 1690 1294 1772 (cr-3?
1339 1692 1676 1761 exhibetur
1724 1693 1843 1760 hoe
1889 1673 1963 1758 in
2008 1690 2335 1758 nonnullis
2378 1687 2616 1770 MSS.)-

387 1791 632 1886 Quibus
675 1794 834 1862 loeis
879 1799 1002 1863 etei
1044 1817 1170 1864 non
1216 1799 1512 1866 omnibus
1559 1801 1652 1866 ita
1699 1800 2037 1866 subvenire
2084 1818 2345 1884 possum
2388 1801 2462 1862 ut
2504 1801 2567 1862 et
2608 1794 2774 1860 mihi

386 1899 772 1966 satisfeeiem
839 1909 904 1968 et
967 1923 1216 1990 sperare
1279 1907 1484 1971 ausim
1547 1906 1708 1973 alios
1754 1925 2003 1992 quoque
2047 1925 2195 1971 mee
2238 1906 2501 1972 invente
2542 1902 2771 1989 probe-

385 2009 562 2071 turoe
607 2027 740 2073 esee
757 2056 776 2091 ‚
823 2008 892 2074 id
939 2015 1154 2075 temen
1201 2018 1446 2077 eertum
1497 2012 1660 2080 <ineo
1706 2013 1982 2079 formam
2030 2017 2137 2076 σεῦ
2187 2009 2469 2077 Homero
2515 2028 2772 2095 prorsus

383 2131 518 2177 esee
578 2113 1066 2181 abiudieendem
1085 2163 1102 2194 ,
1166 2116 1332 2183 nihil
1390 2121 1560 2184 enim
1623 2118 1842 2186 velent
1888 2119 2009 2184 loei
2055 2117 2181 2184 duo
2230 2116 2333 2184 vel
2380 2121 2507 2182 tres
2553 2114 2633 2181 ed
2676 2115 2771 2179 in-

381 2217 780 2305 fringendum
843 2221 1140 2309 regulam
1202 2244 1279 2288 ex
1351 2229 1676 2313 octoginta
1744 2225 1891 2290 eliis
1956 2225 2112 2290 loeis
2175 2225 2586 2289 constitutam
2607 2269 2627 2301 ,
2692 2224 2768 2286 ut

383 2323 670 2390 ostendet
716 2329 830 2410 qui
875 2330 1164 2413 sequitur
1207 2337 1582 2415 computus:

1495 2442 1670 2502 extat
1716 2445 1842 2502 σεῖο
1887 2435 2045 2502 loeis
2093 2433 2175 2501 31

1715 2543 1818 2610 σέο
1955 2590 1991 2623 „
2087 2540 2176 2607 23

1715 2654 1846 2715 σεῖ’
1954 2697 1989 2729 ,‚
2132 2647 2176 2714 2

969 2774 1084 2840 pro
1127 2758 1234 2819 σεῦ
1281 2754 1415 2843 legi
1461 2760 1668 2841 potest
1714 2760 1840 2822 σεῖ’
1954 2804 1985 2840 ,,
2133 2755 2172 2823 7

1711 2866 1801 2928 σε’
1951 2912 1985 2943 ,,
2087 2864 2173 2929 18

1717 2969 1819 3035 σέο
1957 3018 1993 3047 ,,
2135 2969 2177 3037 2

467 3174 694 3261 Itaque
751 3175 1097 3246 Homerica
1153 3181 1338 3247 nobis
1399 3188 1586 3249 sunto
1647 3184 1783 3249 sola
1841 3192 1967 3250 σεῖο
2028 3187 2094 3269 et
2153 3181 2257 3248 σέο
2312 3181 2418 3248 vel
2472 3179 2761 3248 enelitiee

375 3304 475 3346 σεο
497 3330 514 3359 ,
561 3304 722 3366 quae
770 3285 1030 3352 elisione
1075 3287 1430 3354 decrescere
1477 3296 1741 3375 possunt
1791 3292 1860 3354 in
1904 3292 2030 3354 σεῖ’
2076 3294 2141 3355 et
2188 3287 2279 3353 «τέ’
2326 3287 2430 3355 vel
2474 3290 2587 3353 σε’.

411 3432 418 3437 ·
468 3387 649 3469 Quod
711 3398 926 3457 autem
985 3412 1112 3459 uno
1173 3393 1310 3461 loeo
1331 3443 1347 3473 ,
1407 3416 1604 3480 eoque
1673 3395 1907 3478 dubio,
1981 3397 2255 3462 occurrit
2318 3402 2473 3461 τεοῖο
2545 3404 2600 3460 Θ
2674 3392 2761 3463 37

378 3490 482 3579 (=
541 3493 742 3582 *468)
809 3497 1062 3563 videtur
1122 3519 1272 3564 eum
1335 3499 1616 3565 Dronkio
1676 3502 1745 3565 in
1809 3508 2025 3566 τεεῒο
2090 3521 2225 3566 esee
2276 3500 2760 3591 corrig-endum,

375 3601 558 3665 euius
605 3602 882 3687 formae,
929 3607 1050 3669 etei
1098 3604 1253 3670 alibi
1290 3626 1414 3671 non
1457 3606 1715 3690 obviae,
1760 3604 1993 3673 melius
2034 3612 2246 3672 tamen
2289 3626 2480 3692 quem
2520 3607 2763 3673 formae

371 3712 531 3771 τεοῖο
579 3706 883 3793 explicari
930 3715 1138 3795 potest
1187 3713 1385 3799 origo.

461 3917 713 3988 Tertiae
775 3942 1074 4007 personae
1144 3926 1472 4011 genitivus
1546 3933 1658 3991 νεῑο
1730 3947 1852 3992 non
1922 3929 2047 3993 nisi
2118 3946 2245 3993 uno
2311 3925 2449 3993 loco
2518 3924 2760 4015 legitur

375 4034 427 4089 Δ
495 4025 627 4090 400
645 4047 663 4104 ;
725 4026 1052 4112 aliquanto
1117 4030 1510 4114 frequentius
1569 4038 1666 4097 est
1726 4030 1849 4116 εέο,
1916 4032 1983 4097 id
2044 4052 2293 4117 quoque
2341 4036 2555 4097 tamen
2602 4033 2759 4097 satie

369 4150 582 4195 rerum
605 4179 622 4209 ,
686 4131 841 4198 loeis
905 4136 1077 4198 enim
1127 4135 1458 4201 duodecim
1509 4138 1867 4216 invenitur;
1920 4138 2151 4223 quibus
2198 4138 2484 4203 decimus
2530 4139 2763 4203 tertius

371 4236 624 4303 accedet
689 4248 742 4301 0
817 4236 982 4320 165,
1046 4240 1159 4305 ubi
1219 4261 1386 4306 nune
1449 4244 1582 4309 eine
1639 4242 1774 4309 nlla
1826 4246 2196 4310 necessitate
2259 4268 2353 4309 rev
2402 4243 2757 4310 exhibetur.

371 4341 589 4408 Altero
635 4346 774 4411 loeo
821 4366 946 4431 quo
993 4352 1314 4414 eontracta
1359 4348 1564 4415 forma
1603 4374 1696 4415 rev
1738 4352 2047 4429 occurrit,
2088 4360 2132 4420 Ξ
2178 4347 2306 4416 427
2326 4400 2344 4436 ,
2386 4352 2456 4415 in
2494 4352 2568 4415 η’
2612 4371 2759 4416 mu·

371 4450 494 4513 teri
555 4456 764 4535 potest
825 4457 889 4517 et
952 4454 1210 4519 omnino
1266 4460 1362 4521 est
1423 4456 1768 4542 mutende;
1827 4459 2021 4523 etiem
2086 4465 2144 4521 T
2212 4454 2380 4534 384,
2447 4456 2563 4523 ubi
2608 4454 2757 4521 libri
