<?xml version="1.0" encoding="UTF-8"?>
<!DOCTYPE html PUBLIC "-//W3C//DTD XHTML 1.0 Transitional//EN"
    "http://www.w3.org/TR/xhtml1/DTD/xhtml1-transitional.dtd">
<html xmlns="http://www.w3.org/1999/xhtml" xml:lang="en" lang="en">
 <head>
  <title>
</title>
<meta http-equiv="Content-Type" content="text/html;charset=utf-8" />
  <meta name='ocr-system' content='tesseract 3.04.00' />
  <meta name='ocr-capabilities' content='ocr_page ocr_carea ocr_par ocr_line ocrx_word'/>
</head>
<body>
  <div class='ocr_page' id='page_1' title='image "./mnemosynevolume00verdgoog_0154.png"; bbox 0 0 3436 5161; ppageno 0'>
   <div class='ocr_carea' id='block_1_1' title="bbox 600 340 1997 410">
    <p class='ocr_par' dir='ltr' id='par_1_1' title="bbox 600 340 1997 410">
     <span class='ocr_line' id='line_1_1' title="bbox 600 340 1997 410; baseline 0 -2"><span class='ocrx_word' id='word_1_1' title='bbox 600 340 732 409; x_wconf 81' lang='lat'><strong><em>142</em></strong></span> <span class='ocrx_word' id='word_1_2' title='bbox 1596 358 1997 410; x_wconf 77' lang='lat' dir='ltr'><strong>mono-rus.</strong></span> 
     </span>
    </p>
   </div>
   <div class='ocr_carea' id='block_1_2' title="bbox 594 522 2984 717">
    <p class='ocr_par' dir='ltr' id='par_1_2' title="bbox 594 522 2984 717">
     <span class='ocr_line' id='line_1_2' title="bbox 594 522 2984 611; baseline -0.003 -16"><span class='ocrx_word' id='word_1_3' title='bbox 594 526 883 609; x_wconf 82' lang='grc' dir='ltr'><strong><em>μυριάδες</em></strong></span> <span class='ocrx_word' id='word_1_4' title='bbox 968 528 1161 611; x_wconf 75' lang='grc' dir='ltr'><strong><em>[ἑπτα</em></strong></span> <span class='ocrx_word' id='word_1_5' title='bbox 1245 524 1575 611; x_wconf 71' lang='grc' dir='ltr'><strong><em>χιλιάδων]</em></strong></span> <span class='ocrx_word' id='word_1_6' title='bbox 1596 573 1615 603; x_wconf 86' lang='grc'><strong><em>,</em></strong></span> <span class='ocrx_word' id='word_1_7' title='bbox 1695 524 1848 590; x_wconf 76' lang='grc' dir='ltr'><strong><em>ἀλλ’</em></strong></span> <span class='ocrx_word' id='word_1_8' title='bbox 1909 522 1944 607; x_wconf 68' lang='grc' dir='ltr'>ᾗ</span> <span class='ocrx_word' id='word_1_9' title='bbox 2008 548 2098 592; x_wconf 87' lang='grc' dir='ltr'><strong><em>τοι</em></strong></span> <span class='ocrx_word' id='word_1_10' title='bbox 2161 524 2586 605; x_wconf 66' lang='grc' dir='ltr'><strong><em>ἀπαρτιλογίη</em></strong></span> <span class='ocrx_word' id='word_1_11' title='bbox 2663 524 2767 589; x_wconf 81' lang='grc' dir='ltr'><strong><em>ὑπ’</em></strong></span> <span class='ocrx_word' id='word_1_12' title='bbox 2843 522 2984 605; x_wconf 80' lang='grc' dir='ltr'><strong><em>ἐμέο</em></strong></span> 
     </span>
     <span class='ocr_line' id='line_1_3' title="bbox 596 630 2690 717; baseline -0.002 -17"><span class='ocrx_word' id='word_1_13' title='bbox 596 633 1069 714; x_wconf 74' lang='grc' dir='ltr'><strong><em>πεπληρωμένη.</em></strong></span> <span class='ocrx_word' id='word_1_14' title='bbox 1138 632 1372 699; x_wconf 86' lang='lat' dir='ltr'><strong>Melius</strong></span> <span class='ocrx_word' id='word_1_15' title='bbox 1420 652 1525 698; x_wconf 93' lang='lat' dir='ltr'><strong><em>me</em></strong></span> <span class='ocrx_word' id='word_1_16' title='bbox 1574 630 1787 698; x_wconf 86' lang='lat' dir='ltr'><strong>iudice</strong></span> <span class='ocrx_word' id='word_1_17' title='bbox 1831 631 2098 698; x_wconf 74' lang='lat' dir='ltr'><strong>aberunt</strong></span> <span class='ocrx_word' id='word_1_18' title='bbox 2143 632 2337 699; x_wconf 78' lang='lat' dir='ltr'><strong>verbe</strong></span> <span class='ocrx_word' id='word_1_19' title='bbox 2383 634 2690 717; x_wconf 73' lang='lat' dir='ltr'><strong>seperate.</strong></span> 
     </span>
    </p>
   </div>
   <div class='ocr_carea' id='block_1_3' title="bbox 596 846 2992 1876">
    <p class='ocr_par' dir='ltr' id='par_1_3' title="bbox 596 846 2992 1876">
     <span class='ocr_line' id='line_1_4' title="bbox 692 846 2982 929; baseline -0.001 -12"><span class='ocrx_word' id='word_1_20' title='bbox 692 850 823 917; x_wconf 91' lang='lat' dir='ltr'><strong><em>VII</em></strong></span> <span class='ocrx_word' id='word_1_21' title='bbox 872 849 959 917; x_wconf 82' lang='lat'><strong><em>32</em></strong></span> <span class='ocrx_word' id='word_1_22' title='bbox 1002 849 1375 929; x_wconf 80' lang='grc' dir='ltr'><strong><em>βουλόμενος</em></strong></span> <span class='ocrx_word' id='word_1_23' title='bbox 1420 846 1497 914; x_wconf 79' lang='grc' dir='ltr'><strong><em>ὦν</em></strong></span> <span class='ocrx_word' id='word_1_24' title='bbox 1542 848 1696 915; x_wconf 80' lang='grc' dir='ltr'><strong><em>αὐτὸ</em></strong></span> <span class='ocrx_word' id='word_1_25' title='bbox 1742 852 1922 916; x_wconf 78' lang='grc' dir='ltr'><strong><em>τοῦτο</em></strong></span> <span class='ocrx_word' id='word_1_26' title='bbox 1971 850 2262 929; x_wconf 83' lang='grc' dir='ltr'><strong><em>ἐκμαθεῖν</em></strong></span> <span class='ocrx_word' id='word_1_27' title='bbox 2301 849 2669 929; x_wconf 76' lang='grc' dir='ltr'><strong><em>ἀκριβῶς</em></strong></span> <span class='ocrx_word' id='word_1_28' title='bbox 2713 847 2982 927; x_wconf 77' lang='grc' dir='ltr'><strong><em>ἔπεμπε.</em></strong></span> 
     </span>
     <span class='ocr_line' id='line_1_5' title="bbox 596 954 2987 1043; baseline -0 -21"><span class='ocrx_word' id='word_1_29' title='bbox 596 957 885 1025; x_wconf 79' lang='lat' dir='ltr'>Fortasse</span> <span class='ocrx_word' id='word_1_30' title='bbox 935 978 1062 1023; x_wconf 91' lang='lat' dir='ltr'><strong><em>non</em></strong></span> <span class='ocrx_word' id='word_1_31' title='bbox 1122 959 1297 1023; x_wconf 81' lang='lat' dir='ltr'><strong>casui</strong></span> <span class='ocrx_word' id='word_1_32' title='bbox 1349 956 1763 1021; x_wconf 83' lang='lat' dir='ltr'><strong>tribuendum</strong></span> <span class='ocrx_word' id='word_1_33' title='bbox 1810 956 1979 1042; x_wconf 86' lang='lat' dir='ltr'><strong>quod</strong></span> <span class='ocrx_word' id='word_1_34' title='bbox 2026 974 2246 1021; x_wconf 88' lang='lat' dir='ltr'><strong>omnes</strong></span> <span class='ocrx_word' id='word_1_35' title='bbox 2299 954 2545 1021; x_wconf 76' lang='lat' dir='ltr'><strong>codices</strong></span> <span class='ocrx_word' id='word_1_36' title='bbox 2592 961 2842 1043; x_wconf 79' lang='lat' dir='ltr'><strong>praeter</strong></span> <span class='ocrx_word' id='word_1_37' title='bbox 2889 956 2948 1021; x_wconf 89' lang='lat' dir='ltr'><strong><em>B.</em></strong></span> <span class='ocrx_word' id='word_1_38' title='bbox 2967 1004 2987 1035; x_wconf 87' lang='lat'>‚</span> 
     </span>
     <span class='ocr_line' id='line_1_6' title="bbox 601 1061 2990 1150; baseline 0 -21"><span class='ocrx_word' id='word_1_39' title='bbox 601 1066 711 1149; x_wconf 89' lang='lat' dir='ltr'><strong>qui</strong></span> <span class='ocrx_word' id='word_1_40' title='bbox 749 1084 971 1131; x_wconf 81' lang='lat' dir='ltr'><strong>vocem</strong></span> <span class='ocrx_word' id='word_1_41' title='bbox 1011 1064 1197 1150; x_wconf 77' lang='lat' dir='ltr'><strong>plane</strong></span> <span class='ocrx_word' id='word_1_42' title='bbox 1234 1064 1489 1141; x_wconf 85' lang='lat' dir='ltr'><strong>omisit,</strong></span> <span class='ocrx_word' id='word_1_43' title='bbox 1526 1062 1764 1128; x_wconf 77' lang='lat' dir='ltr'><strong>hebent</strong></span> <span class='ocrx_word' id='word_1_44' title='bbox 1802 1062 2112 1143; x_wconf 75' lang='grc' dir='ltr'><strong><em>ἀκριβῶ</em></strong></span> <span class='ocrx_word' id='word_1_45' title='bbox 2131 1086 2162 1135; x_wconf 88' lang='grc' dir='ltr'><strong><em>ς</em></strong></span> <span class='ocrx_word' id='word_1_46' title='bbox 2185 1109 2202 1141; x_wconf 99' lang='grc'><strong><em>,</em></strong></span> <span class='ocrx_word' id='word_1_47' title='bbox 2227 1082 2353 1128; x_wconf 91' lang='lat' dir='ltr'><strong><em>non</em></strong></span> <span class='ocrx_word' id='word_1_48' title='bbox 2377 1061 2702 1142; x_wconf 74' lang='grc' dir='ltr'><strong><em>ἀκριβέως.</em></strong></span> <span class='ocrx_word' id='word_1_49' title='bbox 2743 1062 2990 1149; x_wconf 80' lang='lat' dir='ltr'><strong>Nempe</strong></span> 
     </span>
     <span class='ocr_line' id='line_1_7' title="bbox 600 1167 2992 1256; baseline -0.001 -20"><span class='ocrx_word' id='word_1_50' title='bbox 600 1170 961 1237; x_wconf 84' lang='lat' dir='ltr'><strong>Herodotus</strong></span> <span class='ocrx_word' id='word_1_51' title='bbox 1000 1172 1113 1256; x_wconf 88' lang='lat' dir='ltr'><strong>qui</strong></span> <span class='ocrx_word' id='word_1_52' title='bbox 1149 1188 1501 1253; x_wconf 80' lang='lat' dir='ltr'><strong>numquam</strong></span> <span class='ocrx_word' id='word_1_53' title='bbox 1549 1188 1621 1234; x_wconf 93' lang='lat' dir='ltr'><strong><em>eo</em></strong></span> <span class='ocrx_word' id='word_1_54' title='bbox 1660 1167 1972 1235; x_wconf 79' lang='lat' dir='ltr'><strong>vocabulo</strong></span> <span class='ocrx_word' id='word_1_55' title='bbox 2019 1170 2228 1233; x_wconf 84' lang='lat' dir='ltr'><strong>utitur</strong></span> <span class='ocrx_word' id='word_1_56' title='bbox 2269 1188 2448 1235; x_wconf 90' lang='lat' dir='ltr'><strong>more</strong></span> <span class='ocrx_word' id='word_1_57' title='bbox 2494 1189 2609 1234; x_wconf 87' lang='lat' dir='ltr'><strong><em>suo</em></strong></span> <span class='ocrx_word' id='word_1_58' title='bbox 2654 1171 2992 1254; x_wconf 76' lang='lat' dir='ltr'><strong>scripserat</strong></span> 
     </span>
     <span class='ocr_line' id='line_1_8' title="bbox 600 1273 2990 1367; baseline -0.001 -24"><span class='ocrx_word' id='word_1_59' title='bbox 600 1276 1022 1357; x_wconf 74' lang='grc' dir='ltr'><strong><em>ἀτρεκέως,</em></strong></span> <span class='ocrx_word' id='word_1_60' title='bbox 1086 1296 1248 1361; x_wconf 75' lang='lat' dir='ltr'><strong>quae</strong></span> <span class='ocrx_word' id='word_1_61' title='bbox 1309 1274 1521 1340; x_wconf 74' lang='lat' dir='ltr'><strong>Ionica</strong></span> <span class='ocrx_word' id='word_1_62' title='bbox 1582 1294 1706 1341; x_wconf 79' lang='lat' dir='ltr'><strong><em>vox</em></strong></span> <span class='ocrx_word' id='word_1_63' title='bbox 1755 1276 1943 1340; x_wconf 77' lang='lat' dir='ltr'><strong>cessit</strong></span> <span class='ocrx_word' id='word_1_64' title='bbox 1988 1273 2364 1363; x_wconf 77' lang='lat' dir='ltr'><strong>glossemati</strong></span> <span class='ocrx_word' id='word_1_65' title='bbox 2433 1276 2651 1367; x_wconf 76' lang='lat' dir='ltr'><strong>Attico</strong></span> <span class='ocrx_word' id='word_1_66' title='bbox 2697 1274 2990 1357; x_wconf 79' lang='grc' dir='ltr'><strong><em>ἀκριβῶς.</em></strong></span> 
     </span>
     <span class='ocr_line' id='line_1_9' title="bbox 600 1379 2989 1470; baseline -0.001 -21"><span class='ocrx_word' id='word_1_67' title='bbox 600 1382 999 1470; x_wconf 82' lang='lat' dir='ltr'><strong>Hesychium</strong></span> <span class='ocrx_word' id='word_1_68' title='bbox 1062 1382 1404 1467; x_wconf 77' lang='lat' dir='ltr'><strong>inspiciens</strong></span> <span class='ocrx_word' id='word_1_69' title='bbox 1464 1379 1671 1467; x_wconf 85' lang='lat' dir='ltr'><strong>leges:</strong></span> <span class='ocrx_word' id='word_1_70' title='bbox 1732 1380 2179 1459; x_wconf 88' lang='grc' dir='ltr'><strong><em>ἀτρεκέως·</em></strong></span> <span class='ocrx_word' id='word_1_71' title='bbox 2252 1382 2531 1458; x_wconf 78' lang='grc' dir='ltr'><strong><em>ἀληθῶς,</em></strong></span> <span class='ocrx_word' id='word_1_72' title='bbox 2601 1382 2989 1462; x_wconf 82' lang='grc' dir='ltr'><strong><em>ἀκριβῶς.</em></strong></span> 
     </span>
     <span class='ocr_line' id='line_1_10' title="bbox 599 1485 2990 1572; baseline -0.003 -15"><span class='ocrx_word' id='word_1_73' title='bbox 599 1490 661 1557; x_wconf 86' lang='grc' dir='ltr'><strong>Ν</strong></span> <span class='ocrx_word' id='word_1_74' title='bbox 665 1511 698 1556; x_wconf 91' lang='lat' dir='ltr'><strong><em>e</em></strong></span> <span class='ocrx_word' id='word_1_75' title='bbox 760 1491 921 1555; x_wconf 88' lang='lat' dir='ltr'><strong>forte</strong></span> <span class='ocrx_word' id='word_1_76' title='bbox 979 1510 1128 1553; x_wconf 93' lang='lat' dir='ltr'><strong><em>cum</em></strong></span> <span class='ocrx_word' id='word_1_77' title='bbox 1194 1485 1434 1554; x_wconf 84' lang='lat' dir='ltr'><strong>Cobeto</strong></span> <span class='ocrx_word' id='word_1_78' title='bbox 1497 1486 1838 1554; x_wconf 80' lang='lat' dir='ltr'><strong>contendas</strong></span> <span class='ocrx_word' id='word_1_79' title='bbox 1890 1485 2146 1552; x_wconf 79' lang='lat' dir='ltr'><strong>nullum</strong></span> <span class='ocrx_word' id='word_1_80' title='bbox 2194 1488 2332 1572; x_wconf 76' lang='lat' dir='ltr'><strong>pati</strong></span> <span class='ocrx_word' id='word_1_81' title='bbox 2380 1487 2650 1552; x_wconf 80' lang='lat' dir='ltr'><strong>verbum</strong></span> <span class='ocrx_word' id='word_1_82' title='bbox 2699 1487 2990 1565; x_wconf 75' lang='grc' dir='ltr'><strong><em>ἐκμαθεῖν</em></strong></span> 
     </span>
     <span class='ocr_line' id='line_1_11' title="bbox 602 1591 2987 1672; baseline -0.003 -9"><span class='ocrx_word' id='word_1_83' title='bbox 602 1596 1109 1663; x_wconf 78' lang='lat' dir='ltr'><strong>additamentum</strong></span> <span class='ocrx_word' id='word_1_84' title='bbox 1128 1642 1145 1672; x_wconf 88' lang='lat'>‚</span> <span class='ocrx_word' id='word_1_85' title='bbox 1210 1592 1554 1659; x_wconf 77' lang='lat' dir='ltr'><strong>satisfaciet</strong></span> <span class='ocrx_word' id='word_1_86' title='bbox 1616 1592 1980 1659; x_wconf 87' lang='lat' dir='ltr'><strong>Herodotus</strong></span> <span class='ocrx_word' id='word_1_87' title='bbox 2043 1591 2164 1661; x_wconf 85' lang='lat' dir='ltr'><strong><em>Vn</em></strong></span> <span class='ocrx_word' id='word_1_88' title='bbox 2228 1592 2313 1658; x_wconf 91' lang='lat'><strong><em>10</em></strong></span> <span class='ocrx_word' id='word_1_89' title='bbox 2379 1618 2414 1667; x_wconf 89' lang='grc' dir='ltr'><strong><em>η</em></strong></span> <span class='ocrx_word' id='word_1_90' title='bbox 2463 1598 2624 1659; x_wconf 85' lang='lat' dir='ltr'><strong>extr.</strong></span> <span class='ocrx_word' id='word_1_91' title='bbox 2674 1593 2987 1659; x_wconf 83' lang='lat' dir='ltr'><strong>scribens:</strong></span> 
     </span>
     <span class='ocr_line' id='line_1_12' title="bbox 603 1692 2990 1783; baseline -0.001 -17"><span class='ocrx_word' id='word_1_92' title='bbox 603 1700 737 1782; x_wconf 81' lang='grc' dir='ltr'><strong><em>πρὶν</em></strong></span> <span class='ocrx_word' id='word_1_93' title='bbox 802 1702 835 1777; x_wconf 77' lang='grc' dir='ltr'>ἦ</span> <span class='ocrx_word' id='word_1_94' title='bbox 896 1698 1297 1780; x_wconf 88' lang='grc' dir='ltr'><strong><em>ἀτρεκέως</em></strong></span> <span class='ocrx_word' id='word_1_95' title='bbox 1359 1698 1694 1783; x_wconf 71' lang='grc' dir='ltr'><strong><em>ε’κμάθη.</em></strong></span> <span class='ocrx_word' id='word_1_96' title='bbox 1783 1696 1881 1766; x_wconf 83' lang='lat' dir='ltr'><strong><em>Of.</em></strong></span> <span class='ocrx_word' id='word_1_97' title='bbox 1943 1700 2140 1764; x_wconf 74' lang='lat' dir='ltr'><strong>etiam</strong></span> <span class='ocrx_word' id='word_1_98' title='bbox 2185 1720 2239 1765; x_wconf 92' lang='lat' dir='ltr'><strong><em>c.</em></strong></span> <span class='ocrx_word' id='word_1_99' title='bbox 2291 1696 2375 1765; x_wconf 82' lang='grc'><strong><em>89</em></strong></span> <span class='ocrx_word' id='word_1_100' title='bbox 2424 1692 2510 1764; x_wconf 77' lang='grc' dir='ltr'><strong><em>εὖ</em></strong></span> <span class='ocrx_word' id='word_1_101' title='bbox 2557 1723 2657 1765; x_wconf 86' lang='grc' dir='ltr'><strong><em>νυν</em></strong></span> <span class='ocrx_word' id='word_1_102' title='bbox 2701 1698 2829 1765; x_wconf 85' lang='grc' dir='ltr'><strong><em>τόδ’</em></strong></span> <span class='ocrx_word' id='word_1_103' title='bbox 2875 1697 2990 1777; x_wconf 80' lang='grc' dir='ltr'><strong><em>ἐξ·</em></strong></span> 
     </span>
     <span class='ocr_line' id='line_1_13' title="bbox 606 1808 890 1876; baseline 0.004 -2"><span class='ocrx_word' id='word_1_104' title='bbox 606 1808 890 1876; x_wconf 62' lang='lat' dir='ltr'><strong>son-leaeo.</strong></span> 
     </span>
    </p>
   </div>
   <div class='ocr_carea' id='block_1_4' title="bbox 607 2022 2991 2425">
    <p class='ocr_par' dir='ltr' id='par_1_4' title="bbox 607 2022 2991 2425">
     <span class='ocr_line' id='line_1_14' title="bbox 696 2022 2985 2104; baseline -0.003 -10"><span class='ocrx_word' id='word_1_105' title='bbox 696 2024 825 2094; x_wconf 86' lang='lat' dir='ltr'><strong><em>VII</em></strong></span> <span class='ocrx_word' id='word_1_106' title='bbox 878 2024 964 2091; x_wconf 84' lang='lat'><strong><em>30</em></strong></span> <span class='ocrx_word' id='word_1_107' title='bbox 1010 2027 1152 2091; x_wconf 89' lang='lat' dir='ltr'><strong>init.</strong></span> <span class='ocrx_word' id='word_1_108' title='bbox 1192 2026 1445 2091; x_wconf 76' lang='grc' dir='ltr'><strong><em>Ἀναυα</em></strong></span> <span class='ocrx_word' id='word_1_109' title='bbox 1489 2025 1551 2090; x_wconf 80' lang='grc' dir='ltr'><strong><em>δὲ</em></strong></span> <span class='ocrx_word' id='word_1_110' title='bbox 1600 2022 1982 2102; x_wconf 77' lang='grc' dir='ltr'><strong><em>καλεομένην</em></strong></span> <span class='ocrx_word' id='word_1_111' title='bbox 2031 2026 2284 2103; x_wconf 84' lang='grc' dir='ltr'><strong><em>Φρυγῶν</em></strong></span> <span class='ocrx_word' id='word_1_112' title='bbox 2333 2023 2512 2090; x_wconf 79' lang='grc' dir='ltr'><strong><em>πόλιν</em></strong></span> <span class='ocrx_word' id='word_1_113' title='bbox 2560 2032 2985 2104; x_wconf 85' lang='grc' dir='ltr'><strong><em>παραμειΒΟ-</em></strong></span> 
     </span>
     <span class='ocr_line' id='line_1_15' title="bbox 610 2128 2990 2216; baseline -0.003 -18"><span class='ocrx_word' id='word_1_114' title='bbox 610 2157 786 2213; x_wconf 87' lang='grc' dir='ltr'><strong><em>μενος</em></strong></span> <span class='ocrx_word' id='word_1_115' title='bbox 853 2168 935 2180; x_wconf 92' lang='grc'>-</span> <span class='ocrx_word' id='word_1_116' title='bbox 1000 2132 1366 2197; x_wconf 79' lang='grc' dir='ltr'><strong><em>ἀπίκετο.</em></strong></span> <span class='ocrx_word' id='word_1_117' title='bbox 1462 2130 1670 2196; x_wconf 90' lang='lat' dir='ltr'><strong>Immo</strong></span> <span class='ocrx_word' id='word_1_118' title='bbox 1741 2138 2351 2209; x_wconf 76' lang='grc' dir='ltr'><strong><em>παραμειΨΛμενος.</em></strong></span> <span class='ocrx_word' id='word_1_119' title='bbox 2446 2128 2707 2216; x_wconf 80' lang='lat' dir='ltr'><strong>Optime</strong></span> <span class='ocrx_word' id='word_1_120' title='bbox 2777 2135 2990 2195; x_wconf 70' lang='lat' dir='ltr'><strong>contra</strong></span> 
     </span>
     <span class='ocr_line' id='line_1_16' title="bbox 607 2236 2991 2325; baseline -0.003 -20"><span class='ocrx_word' id='word_1_121' title='bbox 607 2240 800 2305; x_wconf 80' lang='lat' dir='ltr'><strong>habet</strong></span> <span class='ocrx_word' id='word_1_122' title='bbox 860 2239 1269 2325; x_wconf 77' lang='lat' dir='ltr'><strong>perticipium</strong></span> <span class='ocrx_word' id='word_1_123' title='bbox 1331 2238 1675 2323; x_wconf 75' lang='lat' dir='ltr'><strong>praesentis</strong></span> <span class='ocrx_word' id='word_1_124' title='bbox 1737 2238 1902 2302; x_wconf 75' lang='lat' dir='ltr'><strong>infre</strong></span> <span class='ocrx_word' id='word_1_125' title='bbox 1961 2236 2048 2300; x_wconf 77' lang='lat'><strong><em>42</em></strong></span> <span class='ocrx_word' id='word_1_126' title='bbox 2111 2236 2296 2317; x_wconf 84' lang='grc' dir='ltr'><strong><em>ἐπορ</em></strong></span> <span class='ocrx_word' id='word_1_127' title='bbox 2317 2236 2544 2302; x_wconf 77' lang='grc' dir='ltr'><strong><em>εὐετο</em></strong></span> <span class='ocrx_word' id='word_1_128' title='bbox 2617 2272 2705 2286; x_wconf 90' lang='grc'>-</span> <span class='ocrx_word' id='word_1_129' title='bbox 2791 2258 2991 2315; x_wconf 85' lang='grc' dir='ltr'><strong><em>παρα-</em></strong></span> 
     </span>
     <span class='ocr_line' id='line_1_17' title="bbox 610 2343 1002 2425; baseline -0.01 -14"><span class='ocrx_word' id='word_1_130' title='bbox 610 2343 1002 2425; x_wconf 85' lang='grc' dir='ltr'><strong><em>μειβόμενος.</em></strong></span> 
     </span>
    </p>
   </div>
   <div class='ocr_carea' id='block_1_5' title="bbox 608 2560 2992 3177">
    <p class='ocr_par' dir='ltr' id='par_1_5' title="bbox 608 2560 2992 3177">
     <span class='ocr_line' id='line_1_18' title="bbox 704 2560 2991 2652; baseline 0 -21"><span class='ocrx_word' id='word_1_131' title='bbox 704 2563 837 2631; x_wconf 88' lang='lat' dir='ltr'><strong><em>VII</em></strong></span> <span class='ocrx_word' id='word_1_132' title='bbox 898 2562 984 2632; x_wconf 86' lang='lat'><strong><em>36</em></strong></span> <span class='ocrx_word' id='word_1_133' title='bbox 1046 2562 1418 2647; x_wconf 69' lang='grc' dir='ltr'><strong><em>ἐζεύγνυσαν</em></strong></span> <span class='ocrx_word' id='word_1_134' title='bbox 1481 2563 1543 2630; x_wconf 79' lang='grc' dir='ltr'><strong><em>δὲ</em></strong></span> <span class='ocrx_word' id='word_1_135' title='bbox 1608 2560 1716 2630; x_wconf 79' lang='grc' dir='ltr'><strong><em>ὦδε</em></strong></span> <span class='ocrx_word' id='word_1_136' title='bbox 1783 2564 2030 2652; x_wconf 76' lang='lat' dir='ltr'><strong>(na&#39;ves)</strong></span> <span class='ocrx_word' id='word_1_137' title='bbox 2057 2587 2074 2604; x_wconf 94' lang='lat'><strong>·</strong></span> <span class='ocrx_word' id='word_1_138' title='bbox 2124 2564 2622 2646; x_wconf 74' lang='grc' dir='ltr'><strong><em>πεντηκοντέρους</em></strong></span> <span class='ocrx_word' id='word_1_139' title='bbox 2674 2562 2778 2631; x_wconf 75' lang='grc' dir='ltr'><strong><em>καὶ</em></strong></span> <span class='ocrx_word' id='word_1_140' title='bbox 2829 2566 2991 2646; x_wconf 72' lang='grc' dir='ltr'><strong><em>τριή-</em></strong></span> 
     </span>
     <span class='ocr_line' id='line_1_19' title="bbox 610 2669 2991 2755; baseline -0 -19"><span class='ocrx_word' id='word_1_141' title='bbox 610 2695 751 2752; x_wconf 90' lang='grc' dir='ltr'><strong><em>ρεας</em></strong></span> <span class='ocrx_word' id='word_1_142' title='bbox 815 2669 1161 2755; x_wconf 76' lang='grc' dir='ltr'><strong><em>συνθέντες,</em></strong></span> <span class='ocrx_word' id='word_1_143' title='bbox 1226 2671 1339 2736; x_wconf 81' lang='grc' dir='ltr'><strong><em>ὑπὸ</em></strong></span> <span class='ocrx_word' id='word_1_144' title='bbox 1402 2673 1515 2746; x_wconf 79' lang='grc' dir='ltr'><strong><em>μὲν</em></strong></span> <span class='ocrx_word' id='word_1_145' title='bbox 1572 2673 1681 2745; x_wconf 72' lang='grc' dir='ltr'><strong><em>την</em></strong></span> <span class='ocrx_word' id='word_1_146' title='bbox 1731 2672 1874 2750; x_wconf 83' lang='grc' dir='ltr'><strong><em>πρὸς</em></strong></span> <span class='ocrx_word' id='word_1_147' title='bbox 1922 2677 2026 2737; x_wconf 83' lang='grc' dir='ltr'><strong><em>τοῦ</em></strong></span> <span class='ocrx_word' id='word_1_148' title='bbox 2077 2672 2363 2748; x_wconf 78' lang='grc' dir='ltr'><strong><em>Εὐξείνου</em></strong></span> <span class='ocrx_word' id='word_1_149' title='bbox 2413 2672 2645 2736; x_wconf 80' lang='grc' dir='ltr'><strong><em>Πόντου</em></strong></span> <span class='ocrx_word' id='word_1_150' title='bbox 2695 2671 2991 2748; x_wconf 76' lang='grc' dir='ltr'><strong><em>ἑξήκοντα</em></strong></span> 
     </span>
     <span class='ocr_line' id='line_1_20' title="bbox 610 2775 2989 2866; baseline -0.002 -21"><span class='ocrx_word' id='word_1_151' title='bbox 610 2783 708 2862; x_wconf 90' lang='grc' dir='ltr'><strong><em>[τε</em></strong></span> <span class='ocrx_word' id='word_1_152' title='bbox 773 2777 931 2866; x_wconf 64' lang='lat' dir='ltr'><strong>[leh]</strong></span> <span class='ocrx_word' id='word_1_153' title='bbox 999 2779 1103 2842; x_wconf 69' lang='grc' dir='ltr'><strong><em>καὶ</em></strong></span> <span class='ocrx_word' id='word_1_154' title='bbox 1165 2775 1547 2856; x_wconf 87' lang='grc' dir='ltr'><strong><em>τριηκοσίας,</em></strong></span> <span class='ocrx_word' id='word_1_155' title='bbox 1601 2779 1714 2843; x_wconf 82' lang='grc' dir='ltr'><strong><em>ὑπὸ</em></strong></span> <span class='ocrx_word' id='word_1_156' title='bbox 1765 2778 1828 2842; x_wconf 82' lang='grc' dir='ltr'><strong><em>δὲ</em></strong></span> <span class='ocrx_word' id='word_1_157' title='bbox 1873 2779 1982 2852; x_wconf 72' lang='grc' dir='ltr'><strong><em>την</em></strong></span> <span class='ocrx_word' id='word_1_158' title='bbox 2032 2778 2236 2856; x_wconf 77' lang='grc' dir='ltr'><strong><em>ἑτέρην</em></strong></span> <span class='ocrx_word' id='word_1_159' title='bbox 2286 2777 2839 2860; x_wconf 73' lang='grc' dir='ltr'><strong><em>τεσσερεσκαίδεκα</em></strong></span> <span class='ocrx_word' id='word_1_160' title='bbox 2889 2777 2989 2842; x_wconf 75' lang='grc' dir='ltr'><strong><em>καὶ</em></strong></span> 
     </span>
     <span class='ocr_line' id='line_1_21' title="bbox 608 2883 2991 2965; baseline -0.002 -15"><span class='ocrx_word' id='word_1_161' title='bbox 608 2883 990 2965; x_wconf 75' lang='grc' dir='ltr'><strong><em>τριηκοσίας,</em></strong></span> <span class='ocrx_word' id='word_1_162' title='bbox 1039 2889 1145 2949; x_wconf 81' lang='grc' dir='ltr'><strong><em>τοῦ</em></strong></span> <span class='ocrx_word' id='word_1_163' title='bbox 1198 2885 1309 2960; x_wconf 77' lang='grc' dir='ltr'><strong><em>μὲν</em></strong></span> <span class='ocrx_word' id='word_1_164' title='bbox 1359 2883 1588 2948; x_wconf 84' lang='grc' dir='ltr'><strong><em>Πόντου</em></strong></span> <span class='ocrx_word' id='word_1_165' title='bbox 1638 2883 2000 2962; x_wconf 76' lang='grc' dir='ltr'><strong><em>ἐπικαρσίας</em></strong></span> <span class='ocrx_word' id='word_1_166' title='bbox 2049 2889 2156 2949; x_wconf 83' lang='grc' dir='ltr'><strong><em>τοῦ</em></strong></span> <span class='ocrx_word' id='word_1_167' title='bbox 2207 2885 2270 2949; x_wconf 77' lang='grc' dir='ltr'><strong><em>δὲ</em></strong></span> <span class='ocrx_word' id='word_1_168' title='bbox 2311 2883 2778 2959; x_wconf 76' lang='grc' dir='ltr'><strong><em>Ἑλλησπόντου</em></strong></span> <span class='ocrx_word' id='word_1_169' title='bbox 2821 2883 2991 2948; x_wconf 71' lang='grc' dir='ltr'><strong><em>κατὰ</em></strong></span> 
     </span>
     <span class='ocr_line' id='line_1_22' title="bbox 610 2987 2992 3075; baseline -0.001 -20"><span class='ocrx_word' id='word_1_170' title='bbox 610 2989 763 3074; x_wconf 85' lang='grc' dir='ltr'><strong><em>ῥόον,</em></strong></span> <span class='ocrx_word' id='word_1_171' title='bbox 800 2988 932 3055; x_wconf 82' lang='grc' dir='ltr'><strong><em>·ἷ’να</em></strong></span> <span class='ocrx_word' id='word_1_172' title='bbox 994 2989 1351 3071; x_wconf 67' lang='grc' dir='ltr'><strong><em>ἀνακωχεύῃ</em></strong></span> <span class='ocrx_word' id='word_1_173' title='bbox 1410 2991 1512 3054; x_wconf 87' lang='grc' dir='ltr'><strong><em>τὸν</em></strong></span> <span class='ocrx_word' id='word_1_174' title='bbox 1574 2988 1735 3054; x_wconf 89' lang='grc' dir='ltr'><strong><em>τόνον</em></strong></span> <span class='ocrx_word' id='word_1_175' title='bbox 1787 2995 1901 3054; x_wconf 84' lang='grc' dir='ltr'><strong><em>τῶν</em></strong></span> <span class='ocrx_word' id='word_1_176' title='bbox 1947 2987 2187 3075; x_wconf 77' lang='grc' dir='ltr'><strong><em>ὅπλων,</em></strong></span> <span class='ocrx_word' id='word_1_177' title='bbox 2245 2992 2554 3064; x_wconf 80' lang='grc' dir='ltr'><strong><em>συνθέντες</em></strong></span> <span class='ocrx_word' id='word_1_178' title='bbox 2597 2991 2660 3056; x_wconf 65' lang='grc' dir='ltr'><strong><em>δὲ</em></strong></span> <span class='ocrx_word' id='word_1_179' title='bbox 2709 2989 2992 3070; x_wconf 80' lang='grc' dir='ltr'><strong><em>ἀγκύρας</em></strong></span> 
     </span>
     <span class='ocr_line' id='line_1_23' title="bbox 613 3095 2992 3177; baseline -0.001 -15"><span class='ocrx_word' id='word_1_180' title='bbox 613 3103 896 3170; x_wconf 76' lang='grc' dir='ltr'><strong><em>κατῆκαν</em></strong></span> <span class='ocrx_word' id='word_1_181' title='bbox 942 3097 1356 3176; x_wconf 71' lang='grc' dir='ltr'><strong><em>περιμήκεας,</em></strong></span> <span class='ocrx_word' id='word_1_182' title='bbox 1406 3095 1525 3166; x_wconf 73' lang='grc' dir='ltr'><strong><em>τοὶς</em></strong></span> <span class='ocrx_word' id='word_1_183' title='bbox 1572 3097 1685 3171; x_wconf 79' lang='grc' dir='ltr'><strong><em>μὲν</em></strong></span> <span class='ocrx_word' id='word_1_184' title='bbox 1735 3097 1879 3175; x_wconf 87' lang='grc' dir='ltr'><strong><em>πρὸς</em></strong></span> <span class='ocrx_word' id='word_1_185' title='bbox 1927 3103 2031 3161; x_wconf 81' lang='grc' dir='ltr'><strong><em>τοῦ</em></strong></span> <span class='ocrx_word' id='word_1_186' title='bbox 2083 3097 2311 3162; x_wconf 89' lang='grc' dir='ltr'><strong><em>Πόντου</em></strong></span> <span class='ocrx_word' id='word_1_187' title='bbox 2359 3106 2502 3174; x_wconf 80' lang='grc' dir='ltr'><strong><em>τῆς</em></strong></span> <span class='ocrx_word' id='word_1_188' title='bbox 2553 3097 2827 3177; x_wconf 68' lang='grc' dir='ltr'><strong><em>ἑτέρης</em></strong></span> <span class='ocrx_word' id='word_1_189' title='bbox 2877 3102 2992 3162; x_wconf 76' lang='grc' dir='ltr'><strong><em>τῶν</em></strong></span> 
     </span>
    </p>
   </div>
   <div class='ocr_carea' id='block_1_6' title="bbox 3377 338 3382 993">
    <p class='ocr_par' dir='ltr' id='par_1_6' title="bbox 3377 338 3382 993">
     <span class='ocr_line' id='line_1_24' title="bbox 3377 338 3382 993; baseline 0 0"><span class='ocrx_word' id='word_1_190' title='bbox 3377 338 3382 993; x_wconf 95' lang='lat' dir='ltr'><strong><em> </em></strong></span> 
     </span>
    </p>
   </div>
   <div class='ocr_carea' id='block_1_7' title="bbox 611 3199 3108 3284">
    <p class='ocr_par' dir='ltr' id='par_1_7' title="bbox 611 3199 3108 3284">
     <span class='ocr_line' id='line_1_25' title="bbox 611 3199 3108 3284; baseline -0.001 -15"><span class='ocrx_word' id='word_1_191' title='bbox 611 3203 851 3281; x_wconf 88' lang='grc' dir='ltr'><strong><em>ἀνέμων</em></strong></span> <span class='ocrx_word' id='word_1_192' title='bbox 914 3199 1132 3268; x_wconf 81' lang='grc' dir='ltr'><strong><em>εἵνεκεν</em></strong></span> <span class='ocrx_word' id='word_1_193' title='bbox 1190 3209 1306 3267; x_wconf 83' lang='grc' dir='ltr'><strong><em>τῶν</em></strong></span> <span class='ocrx_word' id='word_1_194' title='bbox 1354 3199 1570 3266; x_wconf 81' lang='grc' dir='ltr'><strong><em>ἔσωθεν</em></strong></span> <span class='ocrx_word' id='word_1_195' title='bbox 1615 3202 1978 3267; x_wconf 82' lang='grc' dir='ltr'><strong><em>ἐκπνεόντων</em></strong></span> <span class='ocrx_word' id='word_1_196' title='bbox 2029 3211 2171 3276; x_wconf 74' lang='grc' dir='ltr'><strong><em>τῆς</em></strong></span> <span class='ocrx_word' id='word_1_197' title='bbox 2223 3201 2286 3268; x_wconf 81' lang='grc' dir='ltr'><strong><em>δὲ</em></strong></span> <span class='ocrx_word' id='word_1_198' title='bbox 2334 3203 2611 3283; x_wconf 81' lang='grc' dir='ltr'><strong><em>ἑτέρης</em></strong></span> <span class='ocrx_word' id='word_1_199' title='bbox 2659 3212 2801 3280; x_wconf 74' lang='grc' dir='ltr'><strong><em>τῆς</em></strong></span> <span class='ocrx_word' id='word_1_200' title='bbox 2849 3203 2990 3284; x_wconf 81' lang='grc' dir='ltr'><strong><em>πρὸς</em></strong></span> <span class='ocrx_word' id='word_1_201' title='bbox 3097 3205 3108 3214; x_wconf 78' lang='lat'>‘</span> 
     </span>
    </p>
   </div>
   <div class='ocr_carea' id='block_1_8' title="bbox 610 3307 2996 4028">
    <p class='ocr_par' dir='ltr' id='par_1_8' title="bbox 610 3307 2996 4028">
     <span class='ocr_line' id='line_1_26' title="bbox 612 3307 2994 3391; baseline 0.001 -17"><span class='ocrx_word' id='word_1_202' title='bbox 612 3310 866 3391; x_wconf 79' lang='grc' dir='ltr'><strong><em>ἑσπέρης</em></strong></span> <span class='ocrx_word' id='word_1_203' title='bbox 931 3332 1001 3373; x_wconf 89' lang='grc' dir='ltr'><strong><em>τε</em></strong></span> <span class='ocrx_word' id='word_1_204' title='bbox 1062 3307 1168 3373; x_wconf 81' lang='grc' dir='ltr'><strong><em>καὶ</em></strong></span> <span class='ocrx_word' id='word_1_205' title='bbox 1232 3311 1337 3373; x_wconf 80' lang='grc' dir='ltr'><strong><em>τοῦ</em></strong></span> <span class='ocrx_word' id='word_1_206' title='bbox 1403 3309 1673 3385; x_wconf 73' lang='grc' dir='ltr'><strong><em>Αἰγαίου</em></strong></span> <span class='ocrx_word' id='word_1_207' title='bbox 1739 3309 1906 3389; x_wconf 80' lang='grc' dir='ltr'><strong><em>εὔρου</em></strong></span> <span class='ocrx_word' id='word_1_208' title='bbox 1958 3333 2030 3374; x_wconf 90' lang='grc' dir='ltr'><strong><em>τε</em></strong></span> <span class='ocrx_word' id='word_1_209' title='bbox 2077 3308 2182 3374; x_wconf 81' lang='grc' dir='ltr'><strong><em>καὶ</em></strong></span> <span class='ocrx_word' id='word_1_210' title='bbox 2235 3310 2401 3377; x_wconf 87' lang='grc' dir='ltr'><strong><em>νότου</em></strong></span> <span class='ocrx_word' id='word_1_211' title='bbox 2450 3309 2691 3376; x_wconf 78' lang='grc' dir='ltr'><strong><em>εἵνεκεν.</em></strong></span> <span class='ocrx_word' id='word_1_212' title='bbox 2761 3309 2994 3376; x_wconf 85' lang='lat' dir='ltr'><strong>Misere</strong></span> 
     </span>
     <span class='ocr_line' id='line_1_27' title="bbox 610 3415 2995 3500; baseline -0 -20"><span class='ocrx_word' id='word_1_213' title='bbox 610 3416 858 3482; x_wconf 76' lang='lat' dir='ltr'><strong>laborat</strong></span> <span class='ocrx_word' id='word_1_214' title='bbox 912 3415 1038 3480; x_wconf 91' lang='lat' dir='ltr'><strong>loci</strong></span> <span class='ocrx_word' id='word_1_215' title='bbox 1099 3415 1470 3500; x_wconf 82' lang='lat' dir='ltr'><strong>compositio</strong></span> <span class='ocrx_word' id='word_1_216' title='bbox 1532 3419 1596 3486; x_wconf 87' lang='lat' dir='ltr'><strong><em>et</em></strong></span> <span class='ocrx_word' id='word_1_217' title='bbox 1643 3415 1830 3481; x_wconf 82' lang='lat' dir='ltr'><strong>valde</strong></span> <span class='ocrx_word' id='word_1_218' title='bbox 1875 3415 2110 3480; x_wconf 87' lang='lat' dir='ltr'><strong>durum</strong></span> <span class='ocrx_word' id='word_1_219' title='bbox 2157 3419 2292 3481; x_wconf 89' lang='lat' dir='ltr'><strong>imo</strong></span> <span class='ocrx_word' id='word_1_220' title='bbox 2337 3417 2645 3482; x_wconf 75' lang='lat' dir='ltr'><strong>absonum</strong></span> <span class='ocrx_word' id='word_1_221' title='bbox 2694 3420 2790 3482; x_wconf 88' lang='lat' dir='ltr'><strong><em>est</em></strong></span> <span class='ocrx_word' id='word_1_222' title='bbox 2843 3436 2995 3480; x_wconf 90' lang='lat' dir='ltr'><strong><em>cum</em></strong></span> 
     </span>
     <span class='ocr_line' id='line_1_28' title="bbox 610 3507 2996 3610; baseline -0.001 -23"><span class='ocrx_word' id='word_1_223' title='bbox 610 3519 855 3587; x_wconf 86' lang='lat' dir='ltr'><strong>Steinio</strong></span> <span class='ocrx_word' id='word_1_224' title='bbox 911 3530 1025 3595; x_wconf 74' lang='grc' dir='ltr'><strong><em>τῆς</em></strong></span> <span class='ocrx_word' id='word_1_225' title='bbox 1088 3519 1295 3600; x_wconf 76' lang='grc' dir='ltr'><strong><em>ἑτέρης</em></strong></span> <span class='ocrx_word' id='word_1_226' title='bbox 1346 3520 1533 3587; x_wconf 80' lang='lat' dir='ltr'><strong>aliter</strong></span> <span class='ocrx_word' id='word_1_227' title='bbox 1579 3523 1859 3607; x_wconf 81' lang='lat' dir='ltr'><strong>accipere</strong></span> <span class='ocrx_word' id='word_1_228' title='bbox 1905 3543 2098 3608; x_wconf 82' lang='lat' dir='ltr'><strong>quam</strong></span> <span class='ocrx_word' id='word_1_229' title='bbox 2151 3543 2588 3610; x_wconf 77' lang='lat' dir='ltr'><strong>praegressum</strong></span> <span class='ocrx_word' id='word_1_230' title='bbox 2635 3523 2745 3596; x_wconf 73' lang='grc' dir='ltr'><strong><em>την</em></strong></span> <span class='ocrx_word' id='word_1_231' title='bbox 2793 3507 2996 3600; x_wconf 81' lang='grc' dir='ltr'><strong><em>ἑτέρην</em></strong></span> 
     </span>
     <span class='ocr_line' id='line_1_29' title="bbox 613 3624 2994 3714; baseline -0.001 -22"><span class='ocrx_word' id='word_1_232' title='bbox 613 3631 679 3692; x_wconf 89' lang='lat' dir='ltr'><strong><em>et</em></strong></span> <span class='ocrx_word' id='word_1_233' title='bbox 734 3624 1096 3714; x_wconf 80' lang='lat' dir='ltr'><strong>intellig-ere</strong></span> <span class='ocrx_word' id='word_1_234' title='bbox 1154 3625 1381 3708; x_wconf 78' lang='grc' dir='ltr'><strong><em>χειρός.</em></strong></span> <span class='ocrx_word' id='word_1_235' title='bbox 1464 3625 1660 3692; x_wconf 82' lang='lat' dir='ltr'><strong>Recte</strong></span> <span class='ocrx_word' id='word_1_236' title='bbox 1717 3627 1978 3692; x_wconf 83' lang='lat' dir='ltr'><strong>haberet</strong></span> <span class='ocrx_word' id='word_1_237' title='bbox 2040 3628 2157 3700; x_wconf 72' lang='grc' dir='ltr'><strong><em>τὰς</em></strong></span> <span class='ocrx_word' id='word_1_238' title='bbox 2222 3628 2336 3705; x_wconf 76' lang='grc' dir='ltr'><strong><em>μὲν</em></strong></span> <span class='ocrx_word' id='word_1_239' title='bbox 2401 3628 2542 3708; x_wconf 81' lang='grc' dir='ltr'><strong><em>πρὸς</em></strong></span> <span class='ocrx_word' id='word_1_240' title='bbox 2611 3633 2716 3693; x_wconf 80' lang='grc' dir='ltr'><strong><em>τοῦ</em></strong></span> <span class='ocrx_word' id='word_1_241' title='bbox 2766 3628 2994 3694; x_wconf 86' lang='grc' dir='ltr'><strong><em>Πόντου</em></strong></span> 
     </span>
     <span class='ocr_line' id='line_1_30' title="bbox 612 3729 2992 3817; baseline 0 -18"><span class='ocrx_word' id='word_1_242' title='bbox 612 3735 731 3800; x_wconf 78' lang='grc' dir='ltr'><strong><em>τῶν</em></strong></span> <span class='ocrx_word' id='word_1_243' title='bbox 786 3733 1023 3811; x_wconf 82' lang='grc' dir='ltr'><strong><em>ἀνέμων</em></strong></span> <span class='ocrx_word' id='word_1_244' title='bbox 1085 3732 1304 3798; x_wconf 83' lang='grc' dir='ltr'><strong><em>εἵνεκεν</em></strong></span> <span class='ocrx_word' id='word_1_245' title='bbox 1365 3738 1481 3798; x_wconf 80' lang='grc' dir='ltr'><strong><em>τῶν</em></strong></span> <span class='ocrx_word' id='word_1_246' title='bbox 1530 3729 1742 3797; x_wconf 76' lang='grc' dir='ltr'><strong><em>ἔσωθεν</em></strong></span> <span class='ocrx_word' id='word_1_247' title='bbox 1793 3733 2194 3813; x_wconf 82' lang='grc' dir='ltr'><strong><em>ἐκπνεόντων,</em></strong></span> <span class='ocrx_word' id='word_1_248' title='bbox 2244 3735 2388 3805; x_wconf 72' lang='grc' dir='ltr'><strong><em>τὰς</em></strong></span> <span class='ocrx_word' id='word_1_249' title='bbox 2437 3733 2500 3799; x_wconf 77' lang='grc' dir='ltr'><strong><em>δὲ</em></strong></span> <span class='ocrx_word' id='word_1_250' title='bbox 2547 3734 2691 3817; x_wconf 83' lang='grc' dir='ltr'><strong><em>πρὸς</em></strong></span> <span class='ocrx_word' id='word_1_251' title='bbox 2742 3732 2992 3814; x_wconf 81' lang='grc' dir='ltr'><strong><em>ἑσπέρης</em></strong></span> 
     </span>
     <span class='ocr_line' id='line_1_31' title="bbox 611 3838 2996 3928; baseline -0 -23"><span class='ocrx_word' id='word_1_252' title='bbox 611 3866 678 3905; x_wconf 92' lang='grc' dir='ltr'><strong><em>τε</em></strong></span> <span class='ocrx_word' id='word_1_253' title='bbox 740 3839 866 3905; x_wconf 76' lang='grc' dir='ltr'><strong><em>κτὲ.</em></strong></span> <span class='ocrx_word' id='word_1_254' title='bbox 895 3889 910 3915; x_wconf 91' lang='grc'><strong><em>,</em></strong></span> <span class='ocrx_word' id='word_1_255' title='bbox 972 3847 1141 3905; x_wconf 83' lang='lat' dir='ltr'><strong>recte</strong></span> <span class='ocrx_word' id='word_1_256' title='bbox 1204 3841 1401 3904; x_wconf 80' lang='lat' dir='ltr'><strong>etiam</strong></span> <span class='ocrx_word' id='word_1_257' title='bbox 1450 3838 1748 3928; x_wconf 70' lang='lat' dir='ltr'><strong>fortasse:</strong></span> <span class='ocrx_word' id='word_1_258' title='bbox 1798 3840 1914 3913; x_wconf 84' lang='grc' dir='ltr'><strong><em>τάς</em></strong></span> <span class='ocrx_word' id='word_1_259' title='bbox 1965 3841 2078 3918; x_wconf 75' lang='grc' dir='ltr'><strong><em>μὲν</em></strong></span> <span class='ocrx_word' id='word_1_260' title='bbox 2126 3849 2237 3914; x_wconf 76' lang='grc' dir='ltr'><strong><em>τῆς</em></strong></span> <span class='ocrx_word' id='word_1_261' title='bbox 2286 3841 2488 3923; x_wconf 78' lang='grc' dir='ltr'><strong><em>ἑτέρης</em></strong></span> <span class='ocrx_word' id='word_1_262' title='bbox 2539 3848 2648 3917; x_wconf 74' lang='grc' dir='ltr'><strong><em>τῆς</em></strong></span> <span class='ocrx_word' id='word_1_263' title='bbox 2697 3839 2840 3920; x_wconf 79' lang='grc' dir='ltr'><strong><em>πρὸς</em></strong></span> <span class='ocrx_word' id='word_1_264' title='bbox 2888 3843 2996 3905; x_wconf 80' lang='grc' dir='ltr'><strong><em>τοῦ</em></strong></span> 
     </span>
     <span class='ocr_line' id='line_1_32' title="bbox 611 3943 2995 4028; baseline -0.001 -16"><span class='ocrx_word' id='word_1_265' title='bbox 611 3945 841 4012; x_wconf 88' lang='grc' dir='ltr'><strong><em>Πόντου</em></strong></span> <span class='ocrx_word' id='word_1_266' title='bbox 892 3981 975 3996; x_wconf 92' lang='lat'><strong><em>--</em></strong></span> <span class='ocrx_word' id='word_1_267' title='bbox 1026 3945 1421 4023; x_wconf 87' lang='grc' dir='ltr'><strong><em>ἐκπνεόντων,</em></strong></span> <span class='ocrx_word' id='word_1_268' title='bbox 1470 3944 1589 4019; x_wconf 73' lang='grc' dir='ltr'><strong><em>τὰς</em></strong></span> <span class='ocrx_word' id='word_1_269' title='bbox 1638 3945 1700 4010; x_wconf 72' lang='grc' dir='ltr'><strong><em>δὲ</em></strong></span> <span class='ocrx_word' id='word_1_270' title='bbox 1750 3953 1863 4021; x_wconf 77' lang='grc' dir='ltr'><strong><em>τῆς</em></strong></span> <span class='ocrx_word' id='word_1_271' title='bbox 1913 3947 2054 4028; x_wconf 86' lang='grc' dir='ltr'><strong><em>πρὸς</em></strong></span> <span class='ocrx_word' id='word_1_272' title='bbox 2106 3945 2359 4027; x_wconf 72' lang='grc' dir='ltr'><strong><em>ἑσπέρης</em></strong></span> <span class='ocrx_word' id='word_1_273' title='bbox 2409 3948 2538 4013; x_wconf 80' lang='grc' dir='ltr'><strong><em>κτὲ.</em></strong></span> <span class='ocrx_word' id='word_1_274' title='bbox 2603 3945 2700 4014; x_wconf 83' lang='lat' dir='ltr'><strong><em>Of.</em></strong></span> <span class='ocrx_word' id='word_1_275' title='bbox 2727 3945 2863 4012; x_wconf 85' lang='lat' dir='ltr'><strong><em>VII</em></strong></span> <span class='ocrx_word' id='word_1_276' title='bbox 2887 3943 2995 4011; x_wconf 86' lang='lat'><strong><em>56.</em></strong></span> 
     </span>
    </p>
   </div>
   <div class='ocr_carea' id='block_1_9' title="bbox 612 4147 3002 4562">
    <p class='ocr_par' dir='ltr' id='par_1_9' title="bbox 612 4147 3002 4562">
     <span class='ocr_line' id='line_1_33' title="bbox 704 4147 2996 4233; baseline 0 -17"><span class='ocrx_word' id='word_1_277' title='bbox 704 4147 839 4216; x_wconf 85' lang='lat' dir='ltr'><strong><em>VII</em></strong></span> <span class='ocrx_word' id='word_1_278' title='bbox 906 4147 991 4218; x_wconf 81' lang='lat'><strong><em>3¹7</em></strong></span> <span class='ocrx_word' id='word_1_279' title='bbox 1040 4151 1067 4215; x_wconf 80' lang='grc' dir='ltr'>ὅ</span> <span class='ocrx_word' id='word_1_280' title='bbox 1116 4151 1378 4233; x_wconf 80' lang='grc' dir='ltr'><strong><em>στρατὸς</em></strong></span> <span class='ocrx_word' id='word_1_281' title='bbox 1426 4151 1494 4214; x_wconf 80' lang='grc' dir='ltr'><strong><em>ἐκ</em></strong></span> <span class='ocrx_word' id='word_1_282' title='bbox 1539 4151 1657 4215; x_wconf 78' lang='grc' dir='ltr'><strong><em>τῶν</em></strong></span> <span class='ocrx_word' id='word_1_283' title='bbox 1704 4150 1974 4232; x_wconf 85' lang='grc' dir='ltr'><strong><em>Σαρδίων</em></strong></span> <span class='ocrx_word' id='word_1_284' title='bbox 2023 4151 2325 4230; x_wconf 75' lang='grc' dir='ltr'><strong><em>όρμοῖτο</em></strong></span> <span class='ocrx_word' id='word_1_285' title='bbox 2375 4153 2524 4218; x_wconf 77' lang='grc' dir='ltr'><strong><em>ἐλῶν</em></strong></span> <span class='ocrx_word' id='word_1_286' title='bbox 2573 4153 2634 4227; x_wconf 76' lang='grc' dir='ltr'><strong><em>ἐς</em></strong></span> <span class='ocrx_word' id='word_1_287' title='bbox 2677 4151 2996 4229; x_wconf 73' lang='grc' dir='ltr'><strong><em>Ἄβυδον·</em></strong></span> 
     </span>
     <span class='ocr_line' id='line_1_34' title="bbox 613 4253 3002 4344; baseline 0.001 -24"><span class='ocrx_word' id='word_1_288' title='bbox 613 4254 1030 4338; x_wconf 75' lang='grc' dir='ltr'><strong><em>ὁρμημένῳ</em></strong></span> <span class='ocrx_word' id='word_1_289' title='bbox 1092 4257 1152 4322; x_wconf 80' lang='grc' dir='ltr'><strong><em>δὲ</em></strong></span> <span class='ocrx_word' id='word_1_290' title='bbox 1215 4258 1265 4322; x_wconf 80' lang='grc' dir='ltr'><strong><em>οἱ</em></strong></span> <span class='ocrx_word' id='word_1_291' title='bbox 1327 4257 1354 4321; x_wconf 83' lang='grc' dir='ltr'><em>ὃ</em></span> <span class='ocrx_word' id='word_1_292' title='bbox 1420 4255 1579 4332; x_wconf 75' lang='grc' dir='ltr'><strong><em>ἥλιος</em></strong></span> <span class='ocrx_word' id='word_1_293' title='bbox 1638 4257 1904 4322; x_wconf 79' lang='grc' dir='ltr'><strong><em>ἐκλιπὼν</em></strong></span> <span class='ocrx_word' id='word_1_294' title='bbox 1957 4294 2038 4306; x_wconf 92' lang='grc'><strong>-</strong></span> <span class='ocrx_word' id='word_1_295' title='bbox 2087 4258 2339 4337; x_wconf 64' lang='grc' dir='ltr'><strong><em>ἀφανὴς</em></strong></span> <span class='ocrx_word' id='word_1_296' title='bbox 2405 4253 2474 4333; x_wconf 77' lang='grc' dir='ltr'><strong><em>ἦν</em></strong></span> <span class='ocrx_word' id='word_1_297' title='bbox 2521 4260 2652 4325; x_wconf 74' lang='grc' dir='ltr'><strong><em>κτέ.</em></strong></span> <span class='ocrx_word' id='word_1_298' title='bbox 2721 4257 3002 4344; x_wconf 84' lang='lat' dir='ltr'><strong>Requiro</strong></span> 
     </span>
     <span class='ocr_line' id='line_1_35' title="bbox 614 4357 2999 4450; baseline 0 -24"><span class='ocrx_word' id='word_1_299' title='bbox 614 4357 753 4443; x_wconf 76' lang='grc' dir='ltr'><strong><em>ὅρμ</em></strong></span> <span class='ocrx_word' id='word_1_300' title='bbox 773 4388 806 4436; x_wconf 93' lang='grc' dir='ltr'><strong><em>η</em></strong></span> <span class='ocrx_word' id='word_1_301' title='bbox 826 4385 943 4447; x_wconf 89' lang='grc' dir='ltr'><strong><em>το,</em></strong></span> <span class='ocrx_word' id='word_1_302' title='bbox 992 4383 1141 4427; x_wconf 81' lang='lat' dir='ltr'><strong><em>nam</em></strong></span> <span class='ocrx_word' id='word_1_303' title='bbox 1190 4383 1479 4448; x_wconf 81' lang='lat' dir='ltr'><strong>praesens</strong></span> <span class='ocrx_word' id='word_1_304' title='bbox 1518 4367 1582 4428; x_wconf 88' lang='lat' dir='ltr'><strong><em>et</em></strong></span> <span class='ocrx_word' id='word_1_305' title='bbox 1620 4362 2065 4448; x_wconf 88' lang='lat' dir='ltr'><strong>imperfectum</strong></span> <span class='ocrx_word' id='word_1_306' title='bbox 2105 4363 2298 4428; x_wconf 88' lang='lat' dir='ltr'><strong>huius</strong></span> <span class='ocrx_word' id='word_1_307' title='bbox 2338 4366 2517 4431; x_wconf 81' lang='lat' dir='ltr'><strong>verbi</strong></span> <span class='ocrx_word' id='word_1_308' title='bbox 2556 4365 2724 4450; x_wconf 79' lang='lat' dir='ltr'><strong>apud</strong></span> <span class='ocrx_word' id='word_1_309' title='bbox 2747 4363 2835 4429; x_wconf 89' lang='lat' dir='ltr'><strong><em>H.</em></strong></span> <span class='ocrx_word' id='word_1_310' title='bbox 2863 4365 2999 4450; x_wconf 86' lang='lat' dir='ltr'><strong>sig-</strong></span> 
     </span>
     <span class='ocr_line' id='line_1_36' title="bbox 612 4465 2996 4562; baseline 0.002 -30"><span class='ocrx_word' id='word_1_311' title='bbox 612 4465 865 4534; x_wconf 78' lang='lat' dir='ltr'><strong>nificare</strong></span> <span class='ocrx_word' id='word_1_312' title='bbox 926 4467 1131 4535; x_wconf 80' lang='lat' dir='ltr'><strong>solent</strong></span> <span class='ocrx_word' id='word_1_313' title='bbox 1178 4470 1485 4554; x_wconf 72' lang='lat' dir='ltr'><strong><em>proficisci</em></strong></span> <span class='ocrx_word' id='word_1_314' title='bbox 1502 4515 1519 4546; x_wconf 87' lang='lat'>‚</span> <span class='ocrx_word' id='word_1_315' title='bbox 1596 4468 1949 4558; x_wconf 89' lang='lat' dir='ltr'><strong>perfectum</strong></span> <span class='ocrx_word' id='word_1_316' title='bbox 2012 4477 2077 4534; x_wconf 89' lang='lat' dir='ltr'><strong><em>et</em></strong></span> <span class='ocrx_word' id='word_1_317' title='bbox 2135 4469 2828 4562; x_wconf 78' lang='lat' dir='ltr'><strong>plusquamperfectum</strong></span> <span class='ocrx_word' id='word_1_318' title='bbox 2897 4476 2996 4536; x_wconf 72' lang='lat' dir='ltr'><strong><em>in-</em></strong></span> 
     </span>
    </p>
   </div>
  </div>
 </body>
</html>
