3436 5161
652 348 783 417 354
1108 438 1113 445 .
1506 364 1782 415 namus
1825 364 2158 419 soenrffue.

650 532 832 612 μένου
874 532 1150 613 Σενναὰρ
1189 532 1247 597 ἒν
1288 541 1365 614 τῇ
1407 532 1778 618 Βαβυλωνία
1815 535 1986 619 χώρα
2012 530 2370 613 μνημονεύει
2409 534 2776 603 Ἐςιαῖος
2822 528 3021 610 λέγων

644 637 871 710 οὕτως·
920 646 1036 703 τῶν
1082 640 1145 703 δὲ
1190 639 1386 719 ἱερέων
1433 640 1571 711 τοὺς
1623 640 2028 712 διασωθέντας
2077 642 2163 707 τὰ
2209 645 2317 704 τοῦ
2357 641 2633 705 ἕνυαλίου
2682 638 2822 710 Διὸς
2865 637 3026 717 ἱερώ-

648 771 828 824 ματα
892 746 1210 826 λαβόντας
1274 749 1357 819 εἷς
1422 749 1695 827 Σενναὰρ
1757 760 1866 823 τῆς
1927 749 2329 826 Βαβυλωνίας
2379 748 2588 811 ἐλθεῖν.
2664 746 2841 811 Alibi
2888 744 3022 811 He·

648 860 883 920 stiaeus
929 877 1240 940 nusquam
1292 864 1720 928 memoratum
1770 857 1893 921 nisi
1943 856 2103 924 forte
2143 855 2309 940 apud
2349 852 2744 940 Stephanum
2783 850 3022 939 Byzan·

648 965 814 1028 tium
844 1016 855 1035 ,
904 964 1011 1046 qui
1053 966 1115 1026 in
1142 982 1295 1026 voce
1320 965 1573 1041 Βηρυτὸς
1603 964 2042 1029 testimonium
2071 962 2410 1028 denunciat
2433 960 2708 1024 Histiaeo
2733 958 2984 1024 cuidam
3003 1004 3023 1035 ,

647 1071 758 1155 qui
817 1068 1041 1134 itidem
1107 1067 1184 1134 de
1232 1068 1573 1142 Phoenicia
1618 1071 1892 1155 scripsit.
1963 1070 2109 1135 Scio
2152 1067 2410 1153 quidem
2460 1066 2628 1152 apud
2673 1064 3022 1150 Josephum

648 1174 985 1240 admodum
1050 1186 1327 1239 veterem
1392 1178 1773 1262 scripturam
1831 1197 1998 1253 esse,
2069 1195 2218 1241 nam
2279 1175 2391 1258 qui
2439 1176 2576 1238 eius
2621 1176 2818 1258 copiis
2865 1171 3022 1238 olim

648 1280 751 1345 nsi
798 1285 946 1346 eunt
969 1328 985 1360 ,
1031 1280 1257 1346 itidem
1306 1280 1653 1347 Hestiaeum
1701 1280 2058 1368 appellant3
2106 1300 2332 1347 verum
2379 1300 2526 1345 cum
2562 1279 2815 1345 videam
2856 1276 3020 1364 apud

648 1388 863 1474 ipsum
916 1385 955 1452 J
959 1388 1267 1473 osephum
1328 1409 1559 1455 nomen
1622 1392 1817 1455 variis
1862 1388 2071 1453 modis
2119 1392 2484 1471 corruptum
2533 1386 2761 1470 fuisse,
2809 1386 3023 1451 scribi-

648 1498 757 1558 tur
802 1495 971 1559 enim
1018 1496 1087 1559 in
1132 1494 1345 1561 codice
1390 1494 1665 1580 quodam
1714 1495 1882 1580 apud
1923 1495 2465 1579 Havercampium
2507 1494 2826 1577 Ἑκταῒος,
2867 1491 3022 1557 diffi-

649 1599 771 1665 cile
834 1608 931 1667 est
974 1622 1097 1666 non
1144 1601 1391 1667 credere
1410 1650 1427 1679 ‚
1468 1602 1587 1666 sub
1636 1601 1991 1688 corruptela
2037 1601 2236 1667 latere
2282 1620 2512 1666 nomen
2559 1598 2848 1664 Hecataei
2893 1599 3021 1663 Ab·

650 1707 909 1773 deritae.
980 1706 1275 1774 Ceterum
1326 1711 1482 1773 satie
1528 1715 1820 1773 accurate
1865 1706 2112 1773 definiri
2159 1710 2392 1793 poterit
2437 1711 2728 1792 tempus,
2777 1704 3020 1793 quando

650 1811 689 1878 J
694 1814 931 1879 udaeus
990 1813 1185 1879 huius
1247 1814 1587 1879 Abderitae
1650 1834 1839 1899 opera
1889 1812 2400 1899 interpolaverit,
2449 1815 2505 1878 si
2552 1812 2811 1897 quidem
2861 1811 3022 1876 vixit

637 1927 778 2004 post
838 1918 1185 1984 Diodorum
1246 1917 1539 1984 Siculum
1604 1925 1669 1986 et
1727 1929 1865 1985 ante
1925 1922 2240 1985 Aristeam
2264 1968 2280 1994 ,
2331 1939 2522 2004 quem
2569 1916 2868 1985 Gratzins
2912 1916 3022 1982 111.

651 2046 715 2110 p.
780 2024 911 2089 442
970 2024 1255 2090 floruisse
1316 2027 1638 2090 contendit
1692 2029 1859 2092 cirea
1919 2026 2243 2091 decimum
2303 2045 2539 2090 annum
2587 2024 2779 2089 huius
2824 2043 3021 2089 aerae.

651 2130 831 2211 Quod
896 2130 973 2196 ad
1036 2129 1429 2217 Stephanum
1500 2132 1651 2218 Byz.
1713 2133 1974 2217 attinet,
2039 2135 2362 2197 sciendum
2413 2143 2508 2196 eet
2553 2132 2723 2196 hunc
2771 2129 3024 2196 laudare

648 2237 1041 2303 Hecataeum
1094 2238 1463 2304 Abderitam
1513 2242 1579 2303 in
1628 2261 1689 2305 v.
1737 2237 2014 2314 Ἐλίξοια
2062 2246 2127 2305 et
2177 2238 2622 2316 Καραμβύκαι.
2680 2237 2776 2303 De
2821 2236 3022 2301 Heca·
3119 2292 3126 2299 .

649 2349 789 2409 taeo
850 2365 1051 2429 nuper
1110 2366 1260 2411 cum
1324 2366 1475 2412 cura
1534 2347 1673 2434 egit
1736 2346 1855 2414 Ed.
1901 2345 2296 2413 Schwarzius
2337 2343 2405 2409 in
2451 2344 2681 2411 Museo
2723 2344 3024 2411 Bhenano

648 2449 786 2516 XL.
835 2450 993 2517 223.

740 2620 818 2686 In
866 2618 1181 2706 colloquio
1228 2639 1375 2684 cum
1419 2619 1557 2686 Noe
1606 2621 1766 2686 dicit
1807 2620 2016 2698 Deua,
2067 2621 2282 2706 Antiq.
2339 2619 2396 2684 1.
2450 2617 2513 2685 3.
2563 2617 2606 2684 8
2629 2666 2646 2698 ,
2694 2639 2760 2685 se
2801 2618 3024 2684 huma·

646 2749 805 2795 num
867 2748 1070 2815 genus
1130 2726 1396 2813 perdere
1463 2726 1772 2793 noluisse:
1848 2733 2155 2808 σῶφρον
2225 2726 2355 2807 γὰρ
2423 2721 2576 2790 εἶναι
2646 2727 2759 2801 τὴν
2828 2725 3027 2805 ἀρχὴν

648 2837 858 2905 αὐτοῖς
911 2834 1063 2910 μηδὲ
1111 2832 1495 2913 χαρίσασθαι
1542 2831 1611 2896 τὸ
1660 2831 1769 2914 ζῆν
1817 2833 1850 2908 ἦ
1898 2833 2080 2900 δόντα
2122 2831 2370 2905 τούτους
2413 2831 2798 2912 διαφθείρειν.
2840 2829 3026 2897 Com·

646 2943 1011 3028 parativum
1093 2941 1343 3025 requiro
1419 2945 1483 3004 et
1542 2960 1881 3024 reponam:
1946 2939 2436 3019 σοφώτερον,
2499 2958 2703 3024 neque
2763 2939 3026 3004 abuten-

649 3047 801 3112 dum
869 3052 1001 3124 est,
1066 3045 1229 3111 illud
1292 3049 1529 3126 σῶφρον
1590 3051 1663 3110 ut
1721 3045 1988 3124 tueari3‚
2052 3045 2315 3131 Josephi
2375 3045 2586 3111 verbis
2641 3045 2722 3110 ad
2769 3044 3026 3128 fratres,

648 3153 861 3238 Antiq.
916 3152 977 3218 2.
1022 3149 1193 3217 6.8:
1243 3151 1381 3216 οὔτε
1430 3153 1559 3232 γὰρ
1607 3157 1816 3217 τοῦτον
1865 3151 2158 3217 ὥπολύειν
2204 3152 2306 3217 διὰ
2353 3150 2492 3223 τοὺς
2542 3149 2710 3216 οὐδὲν
2751 3148 3025 3229 ἐξαμαρ-

647 3256 869 3330 τόντας
921 3265 1228 3340 σῶφρον
1276 3256 1526 3337 ἔλεγεν,
1572 3255 1715 3325 οὔτε
1764 3257 2176 3340 συγκολάζειν
2225 3259 2479 3333 ἐκείνους
2522 3260 2606 3339 τῷ
2646 3258 2756 3333 τὴν
2795 3255 3023 3330 κλοπ-ἦν

649 3355 1073 3447 ἔργασαμένῳ.

738 3545 812 3613 In
871 3547 1142 3614 Abrami
1187 3546 1454 3612 historia
1499 3545 1781 3634 legimus
1827 3549 2044 3633 Antiq.
2098 3546 2158 3611 1.
2211 3545 2317 3612 10.
2367 3546 2448 3612 4:
2495 3546 2790 3626 γενομένη
2839 3546 3026 3626 ἐγκύ-

648 3679 777 3733 μων
841 3657 875 3730 ἡ
942 3653 1287 3732 θεραπαινὶς
1353 3653 1687 3736 ἐξυβρίζειν
1751 3655 1835 3727 εἷς
1897 3654 2007 3729 τὴν
2055 3651 2300 3734 Σάρραν
2347 3653 2654 3731 ἐτόλμησε
2699 3655 2750 3733 β
2767 3655 3029 3719 ασιλί-

652 3760 727 3843 ζο
750 3785 923 3826 υσα.
996 3759 1121 3826 Sed
1167 3745 1349 3848 Agar
1393 3765 1547 3826 tunc
1594 3760 1762 3827 nihil
1807 3763 2024 3826 minus
2077 3766 2212 3826 erat
2261 3781 2455 3846 quam
2500 3759 2914 3842 βασιλίζουσα
2964 3766 3026 3826 et

649 3867 1079 3955 reponendum
1144 3872 1239 3932 eet
1298 3866 1921 3946 βασκαίνουσα,
1985 3886 2134 3932 nam
2199 3873 2275 3932 ut
2333 3865 2576 3955 legitur
2634 3869 2852 3954 Antiq.
2922 3867 3026 3933 10.

652 3975 759 4040 11.
811 3973 883 4040 5:
934 3974 1341 4052 βασκαίνουσι
1390 3974 1518 4053 γὰρ
1566 3974 1617 4039 οἱ
1664 3977 1912 4050 μᾶλλον
1959 3975 2158 4039 αὑτῶν
2205 3971 2437 4054 ἑτέρους
2489 3974 2549 4038 ἐν
2593 3976 2825 4040 πλείονι
2872 3983 3023 4058 τιμῇ

652 4080 827 4162 παρὰ
872 4088 997 4154 τοῖς
1046 4079 1382 4159 βασιλεῦσι
1430 4078 1797 4159 βλέποντες.

738 4261 1022 4330 Rebecca
1086 4264 1369 4352 virgines
1430 4265 1756 4349 vituperat
1775 4311 1792 4342 ,
1857 4282 2017 4348 quae
2077 4263 2317 4350 hospiti
2375 4283 2605 4350 aquam
2653 4266 3021 4352 negassent,

648 4374 865 4459 Antiq.
936 4372 995 4437 1.
1064 4370 1166 4435 16.
1230 4369 1310 4435 2:
1374 4369 1532 4444 τίνος
1582 4369 1780 4436 ἄλλου
1829 4371 2196 4444 κοινωνήσειν
2244 4369 2388 4452 πρὸς
2435 4371 2774 4452 ἀνθρώπους
2821 4366 3020 4440 αὐτός

647 4503 796 4546 ποτε
814 4525 835 4559 ,
884 4470 956 4544 αἳ
1000 4475 1157 4558 μηδὲ
1206 4475 1425 4549 ὕδατος
1472 4476 1831 4557 μετέδοσαν.
1899 4475 2112 4565 Lege:
2161 4501 2190 4542 ε
2207 4477 2252 4545 ἰ.
