3436 5161
1382 381 1780 432 monorus.
2649 361 2776 430 139

389 551 559 637 quod
616 553 686 616 in
747 554 1003 617 vetusta
1059 550 1231 636 poesi
1290 549 1497 616 forma
1550 549 1754 617 dativi
1800 553 1868 616 in
1918 559 2060 616 OIC
2106 571 2219 637 pro
2269 559 2438 617 0101
2487 557 2780 637 suspecta

388 664 502 724 est.
566 657 757 723 Facio
819 660 990 723 enim
1062 677 1208 722 cum
1256 656 1317 722 Ν
1321 656 1549 722 auckio
1595 655 1864 742 aliisque
1911 660 2021 743 qui
2068 661 2381 725 contraria
2425 657 2593 744 apud
2637 655 2776 724 Ho-

382 783 636 830 merum
681 763 975 849 exempla
1021 764 1362 849 depravata
1414 783 1547 829 esse
1596 767 1904 830 statuant.

473 869 599 936 His
644 871 984 958 disputatis
1028 875 1277 936 transeo
1323 869 1405 934 ad
1448 868 1690 935 librum
1739 866 1878 934 VIL
1959 869 1964 872 ’

476 1085 605 1152 VII
654 1086 689 1151 l
738 1086 908 1151 med.
958 1085 1169 1163 πολλῶ
1216 1081 1384 1149 πλέω
1439 1081 1740 1170 (ς’ρατιην)
1791 1079 2142 1148 ἐπιτάσσων
2188 1080 2500 1150 ἑκάστοισι
2548 1085 2582 1160 ἢ
2637 1083 2780 1164 πρό-

384 1215 552 1274 τερον
611 1215 767 1272 παρ
786 1199 862 1257 εἴ
870 1213 1036 1272 χον.
1107 1190 1163 1257 Ε
1223 1191 1537 1256 constanti
1597 1191 1667 1254 in
1733 1187 1972 1254 talibus
2033 1210 2155 1254 usu
2219 1192 2574 1278 corrigatur
2630 1215 2678 1255 π
2699 1213 2774 1254 α-

384 1299 780 1378 ρείχοντο.
830 1296 1123 1363 Plurima
1168 1295 1459 1382 exempla
1507 1297 1779 1381 reperies
1831 1315 1965 1380 cap.
2017 1281 2302 1361 60-499.
2355 1295 2660 1381 Incapite
2685 1293 2774 1361 60

384 1403 685 1470 similiter
724 1403 1163 1469 scribendum:
1232 1399 1417 1492 Ὀσον
1460 1401 1575 1480 μέν
1615 1425 1713 1466 νυν
1765 1397 2014 1465 ἕκαστοι
2066 1403 2573 1483 παρείχοντο
2620 1401 2779 1476 πλη-

382 1512 508 1582 θεος
570 1511 819 1590 ἀριθμόν
882 1510 1008 1574 κτὲ.
1074 1509 1243 1590 Quid
1308 1510 1558 1574 intersit
1618 1509 1786 1572 inter
1848 1512 2187 1593 utramque
2253 1509 2433 1574 verbi
2502 1506 2776 1573 formam

384 1618 627 1702 optime
673 1617 951 1683 declarat
991 1616 1170 1682 locus
1192 1613 1371 1692 VIII,
1404 1615 1477 1680 1:
1522 1615 1827 1687 Ἀθηναῖοι
1869 1614 1980 1690 μὲν
2021 1613 2164 1685 νέας
2205 1612 2776 1696 παρεχόμενοι

389 1724 555 1789 ἑπτὰ
619 1760 704 1774 -
768 1721 987 1788 ἑκατόν
1051 1759 1134 1772 ——
1196 1722 1303 1787 καὶ
1368 1719 1703 1794 Χαλκιδέες
1773 1720 2069 1800 ἐπλήρουν
2136 1717 2321 1786 εἴκοσι
2345 1769 2364 1805 ,
2447 1719 2778 1794 Ἀθηναίων

388 1829 946 1913 παρεχόντων.

478 2042 605 2111 VII
652 2042 693 2108 6
741 2045 791 2107 εἰ
833 2039 948 2121 μέν
987 2065 1045 2108 τι
1096 2041 1237 2107 ἐνέοι
1290 2041 1399 2129 (sc.
1442 2049 1568 2114 τοῖς
1620 2041 1956 2128 χρησμοῖς)
1997 2039 2280 2124 σφάλμα
2305 2039 2484 2124 φέρον
2511 2043 2594 2122 τῷ
2620 2041 2779 2120 βαρ-

387 2151 581 2230 βάρῳ.
669 2147 960 2215 Oraculis
1015 2147 1180 2213 nihil
1237 2151 1443 2214 inesse
1489 2154 1772 2233 poterat,
1823 2146 1992 2233 quod
2040 2146 2288 2212 cladem
2340 2146 2588 2213 afferret
2631 2148 2773 2213 bar-

388 2258 557 2323 baris
576 2303 595 2334 ‚
645 2257 754 2322 sed
800 2255 1003 2321 inesse
1051 2261 1295 2340 poterat
1342 2254 1509 2338 quod
1543 2257 1856 2339 spectaret
1878 2252 2126 2320 cladem
2151 2252 2433 2339 aliquam
2461 2253 2767 2318 futuram.

386 2360 607 2448 Itaque
667 2363 1024 2448 corrigatur
1086 2361 1231 2426 ε’νέοι
1296 2360 1483 2439 <ἐς>
1546 2359 1846 2440 σφάλμα·
1895 2359 2095 2439 φέρον.
2161 2355 2256 2426 Of.
2323 2357 2356 2423 I
2423 2357 2571 2424 120.
2619 2357 2775 2425 VIII

392 2466 539 2534 13¹7.
590 2468 691 2534 IX
739 2466 862 2534 33:
927 2469 1034 2532 οὐκ
1088 2468 1147 2539 ἐς
1197 2469 1529 2546 γυμνικοὺς
1578 2467 1730 2532 ἀλλ’
1777 2467 1837 2538 ές
1887 2467 2125 2544 ἀρηίους
2173 2466 2424 2543 άγῶνας
2472 2463 2652 2547 φέρον
2700 2465 2770 2531 τὸ

387 2575 700 2654 μαντήιον.
748 2573 840 2640 VI
891 2572 995 2641 19.
1045 2573 1125 2641 al.
1200 2569 1529 2641 Contrario
1580 2594 1786 2639 errore
1836 2559 1979 2638 cum
2029 2576 2205 2658 parte
2250 2569 2562 2647 librorum
2610 2571 2640 2637 1
2691 2569 2771 2637 10

389 2686 455 2747 et
497 2679 606 2746 III
655 2678 783 2746 123
824 2681 883 2754 ές
924 2678 1230 2763 αἰσχύνην
1268 2680 1439 2761 φέρει
1481 2680 1805 2765 (φέροντα)
1842 2677 1974 2765 legi
2013 2676 2324 2743 iudicavit
2364 2676 2767 2744 Valckenaer.

480 2894 599 2961 VII
644 2894 687 2960 8
735 2922 777 2960 α
827 2900 990 2961 extr.
1036 2893 1364 2977 φροντίζων
1412 2892 1473 2958 δὲ
1519 2893 1768 2973 εὑρίσκω
1809 2890 1953 2971 ἅμα
1991 2894 2107 2972 μὲν
2144 2892 2317 2965 κῦδος
2363 2890 2551 2970 ὑμῖν
2590 2914 2772 2970 προσ·

384 3001 696 3080 γινόμενον
745 3006 947 3083 χώρην
995 3024 1063 3066 τε
1111 3011 1223 3076 τῆς
1272 3004 1372 3065 νῦν
1422 3000 1734 3077 ἐκτήμεθα
1782 3001 1886 3065 οὐκ
1930 2998 2238 3065 ἐλάσσονα
2268 2996 2402 3063 οὐδὲ
2423 2996 2770 3079 φλαυροτέ-

384 3130 523 3189 ρην,
592 3107 1079 3189 παμφορωτέρην
1150 3107 1251 3186 δέ,
1321 3104 1496 3183 ἅμα
1566 3107 1642 3173 δὲ
1705 3106 2101 3186 τιμωρίην
2166 3128 2251 3169 τε
2328 3104 2461 3169 καὶ
2548 3103 2770 3168 τίσιν

383 3213 723 3291 γινομένην.
790 3213 959 3294 Quid
1022 3216 1089 3278 in
1138 3213 1256 3278 tali
1303 3215 1613 3278 sententia
1660 3214 1913 3278 intersit
1959 3215 2126 3277 inter
2171 3212 2459 3289 τιμωρίην
2504 3214 2570 3275 et
2612 3208 2772 3275 τίσιν

382 3341 489 3385 me
536 3319 796 3405 quidem
846 3320 1024 3385 latet.
1073 3318 1195 3385 Sed
1246 3340 1465 3385 omnes
1508 3320 1701 3385 habet
1747 3322 2039 3385 veritatis
2085 3338 2383 3383 numeros
2432 3322 2642 3401 spreta
2691 3317 2770 3383 ab

383 3427 680 3492 omnibus
726 3425 919 3491 lectio
968 3425 1201 3492 codicis
1250 3425 1577 3491 Vaticani:
1628 3422 1802 3502 ἅμα
1851 3426 1930 3490 δὲ
1980 3424 2114 3489 καὶ
2164 3424 2559 3503 τιμωρίην
2607 3422 2769 3487 τισὶ

380 3534 449 3618 (i.
500 3551 552 3598 e.
603 3530 886 3617 Graecis)
938 3530 1278 3609 γινομένην.
1332 3530 1540 3611 Quam
1585 3537 1802 3597 autem
1853 3538 2019 3596 recte
2067 3531 2094 3594 ὅ
2144 3528 2362 3595 άδικῶν
2413 3549 2638 3617 graece
2679 3528 2774 3621 (li-

381 3640 549 3703 citur
582 3622 927 3717 τυγχάνειν
968 3636 1135 3713 δίκης
1180 3642 1244 3704 et
1282 3638 1615 3721 τιμωρίας,
1662 3644 1795 3702 tam
1846 3644 2052 3715 recte,
2109 3639 2363 3721 opinor,
2405 3636 2642 3701 dicitur
2678 3659 2772 3699 τι-

380 3742 577 3823 μωρία
638 3744 805 3823 aar&
855 3743 1201 3822 γίγνεσθαι.
1269 3744 1437 3809 Noto
1485 3763 1633 3810 vero
1682 3764 1798 3807 usu
1847 3742 1942 3814 τὶς
1988 3750 2055 3808 et
2103 3744 2258 3812 τινὲς
2308 3742 2606 3807 dicuntur
2663 3739 2773 3805 ad·

379 3850 644 3915 versarii
714 3852 824 3934 qui
892 3870 1015 3915 non
1086 3850 1398 3915 nominati
1468 3870 1616 3914 cum
1680 3849 1825 3914 odio
1887 3846 2348 3936 significantur.
2429 3845 2773 3933 Eleganter

377 3954 591 4021 Persis
638 3955 880 4021 Xerxes
928 3956 1085 4022 dicit
1132 3978 1208 4021 ex
1254 3957 1376 4022 hoc
1426 3953 1592 4021 bello
1638 3960 1887 4040 praeter
1931 3955 2208 4041 gloriam
2260 3953 2526 4019 dicionis
2572 3953 2774 4016 incre·

376 4068 671 4126 mentum
693 4107 709 4138 ‚
760 4058 1021 4127 Graecis
1068 4068 1284 4128 contra
1330 4082 1561 4147 poenas
1609 4061 2068 4126 redundaturas
2114 4080 2268 4125 esse.
2331 4044 2490 4124 Mox
2536 4057 2654 4123 sub
2694 4058 2772 4145 y)

373 4164 653 4253 legitur:
718 4164 1098 4243 πυνθάνομαι
1165 4164 1275 4233 ὦδε
1341 4166 1533 4248 ἔχειν,
1600 4169 1738 4233 οὔτε
1799 4168 1982 4231 τινα
2046 4164 2227 4231 πόλιν
2291 4165 2512 4244 ἀνδρῶν
2560 4162 2773 4229 οὐδε-

344 4274 577 4349 -μίαν
630 4272 767 4337 οὔτε
817 4272 975 4347 ἔθνος
1022 4271 1188 4338 οὐδὲν
1238 4274 1555 4355 ἀνθρώπων
1605 4274 2045 4338 ὑπολείπεσθαι
2098 4270 2436 4337 manifesto
2479 4280 2590 4337 aut
2629 4270 2771 4336 τινα

373 4382 489 4442 aut
536 4377 825 4455 οὐδεμίαν
873 4380 1367 4467 expungendum
1411 4387 1525 4445 est.
1576 4380 1717 4445 Hoc
1758 4382 1968 4444 nescio
2009 4399 2088 4444 an
2130 4384 2404 4464 praestet
2443 4378 2592 4463 quia
2632 4375 2768 4442 loco

372 4479 463 4549 lV
534 4480 620 4549 32
690 4484 1109 4566 Ὑπερβορέων
1172 4487 1233 4551 δὲ
1297 4486 1426 4568 πέρι
1491 4487 1806 4568 ἀνθρώπων
1878 4484 2019 4553 οὔτε
2083 4508 2158 4551 τι
2225 4484 2453 4550 Σκύθαι
2514 4486 2775 4563 λέγουσί
