3436 5161
1414 430 1734 483 somus.
2605 412 2738 481 413

454 600 739 681 Qustuor
784 601 990 689 igitur
1034 599 1190 665 locis
1239 599 1564 665 invenitur
1606 602 1782 679 σφωε
1799 644 1816 676 ,
1883 592 2150 683 quorum
2198 617 2364 663 unus
2409 603 2741 685 corruptus

363 712 459 773 est
477 754 494 785 ,
563 727 729 772 unus
793 709 904 773 vix
960 726 1149 771 senus
1210 704 1502 783 videtum
1564 708 1912 789 utrumque
1977 708 2192 769 sutem
2255 702 2442 771 facile
2508 704 2744 793 corrigi

362 833 542 899 posse
588 814 641 877 si
692 833 803 898 pro
854 818 1027 893 σφωε
1070 811 1369 877 restituas
1410 815 1565 893 σφε,
1607 808 2064 875 intelleximus,
2119 808 2341 876 Sintne
2365 815 2580 875 sutem
2604 811 2744 876 sani

363 938 444 985 sn
504 918 784 1006 corrupti
846 922 951 1005 qui
1004 923 1343 1005 supersunt
1395 917 1519 983 duo
1536 966 1555 1002 ,
1601 937 1725 981 non
1774 919 1982 982 ausim
2031 914 2304 996 efficer03
2356 924 2598 983 certum
2649 920 2746 983 est

364 1024 634 1091 alterum
702 1023 835 1112 legi
880 1026 945 1089 in
994 1028 1131 1110 ipso
1180 1026 1480 1090 carminis
1526 1023 1782 1089 exordio
1799 1068 1816 1100 ‚
1866 1022 2034 1108 quod
2083 1022 2294 1091 multa
2339 1026 2558 1109 opinor
2601 1044 2745 1109 per-

363 1150 617 1215 pessum
668 1136 763 1195 est
783 1177 801 1209 ‚
846 1129 1117 1197 alterum
1165 1132 1233 1195 in
1281 1150 1417 1196 sero
1464 1134 1614 1195 nats
1658 1128 1769 1194 ills
1797 1127 2084 1195 Nestoris
2121 1128 2513 1207 narratione,
2551 1128 2748 1199 taedii

364 1236 569 1322 plena.
618 1236 743 1303 Sed
789 1237 854 1302 id
902 1257 1199 1323 apparere
1243 1242 1434 1322 put0,
1481 1256 1605 1302 non
1654 1256 1798 1301 eam
1836 1255 1968 1301 esse
2005 1235 2277 1301 formam
2319 1240 2524 1318 σφωε,
2553 1254 2746 1323 quam

363 1341 545 1407 libris
590 1344 815 1408 invitis
858 1343 927 1409 in
976 1346 1226 1407 textum
1272 1342 1667 1409 homericum
1713 1342 2015 1427 invehas3
2054 1344 2270 1430 itaque
2304 1346 2373 1407 in
2398 1362 2584 1409 versu
2608 1362 2748 1409 σοι·-

364 1454 553 1534 rupto
604 1457 657 1513 Ο
690 1448 849 1525 155,
899 1449 1013 1515 ubi
1058 1448 1211 1514 libri
1256 1448 1493 1514 habent
1538 1448 1768 1522 στήτην
1813 1446 1948 1513 οὐδέ
1987 1454 2138 1528 σφιν
2170 1449 2302 1530 (vel
2325 1450 2548 1537 σφῶιν)
2575 1448 2744 1529 ἰδὼν,

364 1575 489 1620 non
535 1555 980 1643 corrigendum
1025 1574 1159 1620 esse
1206 1558 1279 1619 ut
1324 1551 1461 1619 fieri
1506 1553 1664 1619 solet
1722 1550 1858 1619 οὐδέ
1911 1559 2081 1635 σφωε
2129 1554 2288 1620 νιδὼν
2311 1604 2326 1627 ,
2381 1554 2490 1621 sed
2535 1556 2748 1641 potius

367 1660 625 1737 ἐστήτην
686 1660 821 1725 οὐδέ
884 1667 1011 1739 σφε
1072 1660 1268 1745 νιδὼν,
1333 1680 1484 1725 nam
1545 1662 1787 1747 optime
1853 1660 2265 1727 Homericum
2314 1681 2448 1728 esse
2493 1668 2620 1745 σφε
2670 1660 2748 1727 de

366 1766 613 1833 duobus
630 1814 647 1843 ‚
698 1765 866 1833 olaro
912 1770 1043 1833 iam
1091 1769 1547 1854 perspeximus.

458 1872 847 1939 Tractandae
909 1880 1248 1960 supersunt
1308 1874 1549 1939 formae
1602 1878 1988 1951 contractae,
2038 1873 2304 1963 ideoque
2349 1876 2419 1941 in
2465 1876 2747 1943 Homero

368 1984 725 2063 suspectae,
778 1976 851 2059 νῴ
900 1986 963 2043 et
1008 1976 1169 2059 σφῴ.
1242 1978 1418 2059 Quae
1465 1981 1870 2065 reperiuntur
1911 2000 2022 2046 sex
2067 1979 2256 2046 locis:

459 2092 509 2149 E
560 2082 730 2149 219:
794 2086 931 2165 πρίν
989 2084 1059 2162 γ’
1126 2085 1225 2150 ἐπὶ
1290 2084 1365 2166 νῷ
1429 2085 1568 2167 τῶδ’
1631 2086 1795 2168 ἀνδρὶ
1861 2086 1971 2151 σὺν
2017 2085 2288 2153 ἵπποισιν
2335 2086 2441 2153 καὶ
2489 2086 2744 2171 ὄχεσφι.

890 2192 1241 2260 Verborum
1291 2193 1460 2259 m'ale
1506 2214 1655 2259 sana
1702 2194 2093 2280 perturbatio
2129 2198 2279 2263 vitii
2317 2196 2624 2262 indicium
2652 2201 2750 2263 est

886 2303 1315 2367 certissimum
1333 2346 1352 2377 ‚
1400 2320 1548 2366 oum
1589 2302 1960 2386 praesertim
1998 2304 2365 2369 traiectione
2401 2304 2496 2369 its
2517 2302 2586 2369 id
2609 2322 2749 2389 pos-

892 2409 979 2471 sit
1026 2406 1167 2472 tolli
1219 2412 1291 2471 ut
1338 2404 1536 2471 simul
1581 2406 1785 2472 forma
1830 2408 2084 2495 integra
2125 2410 2230 2472 νῶϊ
2273 2411 2678 2475 restituatur:

799 2512 939 2595 πρὶν
986 2512 1129 2594 τῷδ’
1176 2509 1337 2595 ἄνδρ’
1386 2509 1487 2577 ἔπι
1535 2515 1640 2578 νῶΐ
1684 2513 1794 2578 σὺν
1839 2510 2110 2579 ἵπποισιν
2155 2514 2261 2579 καὶ
2305 2512 2563 2599 ὄχεσφι.
2675 2512 2682 2528 ’

891 2619 1435 2706 Transposuerunt
1497 2623 1730 2707 posteri
1793 2623 1905 2707 qui
1952 2621 2504 2708 perhorrescebsnt
2548 2624 2750 2690 dativi

764 2813 769 2820 ἡ
897 2730 1029 2794 iota
1076 2727 1328 2793 elisum.

462 2857 491 2898 ο
538 2831 703 2902 475:
798 2833 873 2915 νῷ
923 2829 1411 2912 ἀναβησάμενοι.
1480 2833 1608 2901 Hie
1664 2832 1837 2912 ἄμμ’
1885 2833 2353 2913 ἀναβησάμενοι
2401 2834 2748 2924 legendum

891 2947 1181 3026 putarem
1203 2988 1221 3020 ‚
1280 2943 1406 3006 nisi
1464 2940 1931 3019 ἀναβησάμενοι
1982 2960 2095 3027 pro
2140 2962 2396 3013 -σαντες
2440 2943 2748 3008 vitiosum

890 3047 1212 3114 videretur
1254 3054 1319 3112 et
1368 3053 1539 3113 totus
1584 3069 1805 3115 versus
1851 3053 2182 3132 suspectus
2226 3052 2410 3114 esset.

463 3163 515 3219 A
568 3149 736 3220 574:
797 3153 851 3218 εἴ
901 3151 971 3227 δη
1021 3151 1161 3233 σφῷ
1202 3150 1379 3247 ἕνεκα
1422 3154 1643 3226 θνητῶν
1677 3153 2034 3234 ἐριδαίνετον
2070 3149 2203 3220 ὦδε.
2249 3151 2380 3218 Hic
2403 3153 2748 3222 contractio

890 3261 1117 3325 evitari
1164 3267 1371 3344 potest
1416 3258 1677 3326 elisione
1724 3260 1910 3343 σφῶ’,
1962 3261 2071 3327 sed
2111 3260 2522 3346 praetulerim
2563 3260 2746 3339 ὔμμ’.

890 3365 1069 3431 Idem
1115 3364 1288 3431 valet
1334 3366 1412 3431 de
1459 3387 1645 3432 versu
1692 3369 1805 3452 qui
1849 3370 2168 3454 sequitur:

462 3483 518 3540 O
572 3472 739 3540 146:
805 3472 959 3544 Ζεὺς
1002 3471 1143 3554 σφῷ
1195 3473 1277 3545 εἰς
1318 3471 1487 3544 Ἴδην
1532 3471 1735 3538 κέλετ’
1785 3471 2057 3548 ἐλθέμεν’
2103 3469 2237 3540 ὅττι
2284 3472 2598 3556 τάχιστα.

461 3591 521 3648 Λ
572 3579 737 3650 ¹782:
802 3579 941 3664 σφῷ
1010 3578 1075 3644 δὲ
1136 3578 1295 3656 μάλ’
1344 3579 1649 3653 ἠθελέτην.
1718 3577 2016 3666 Suspicor
2073 3579 2138 3646 δὲ
2193 3601 2326 3648 esse
2370 3579 2746 3666 delendum,

890 3689 985 3752 est
1058 3683 1285 3751 saltem
1344 3685 1529 3771 plane
1589 3706 2160 3774 supervacaneum;
2228 3687 2482 3775 legatur
2540 3687 2748 3773 igitur

886 3798 1050 3872 σφῶι
1102 3791 1237 3878 (aut
1286 3791 1483 3880 ὔμμε)
1536 3791 1693 3870 μάλ’
1743 3791 2046 3868 ἠθελέτην.

458 3911 520 3969 N
568 3900 691 3970 47:
800 3897 1031 3966 Αἴαντε
1053 3947 1070 3977 ,
1115 3897 1257 3980 σφῷ
1307 3895 1423 3979 μέν
1468 3922 1538 3964 τε
1584 3899 1860 3964 σαώσετε
1907 3901 2055 3966 λαὸν
2098 3899 2392 3980 Ἀχαιῶν.
2441 3897 2744 3966 Probabi-

886 4006 1016 4073 lem
1064 4005 1569 4072 emendationem
1615 4005 1809 4072 huius
1852 4027 2072 4074 versus
2117 4007 2388 4092 proferre
2435 4025 2556 4072 non
2603 4025 2746 4090 pos-

884 4131 1064 4190 sum;
1116 4132 1263 4178 cum
1307 4118 1525 4178 tamen
1570 4115 1728 4178 satis
1772 4115 1901 4178 ism
1951 4117 2192 4180 constet
2234 4118 2480 4180 veteres
2527 4118 2744 4200 poetas

888 4239 1012 4286 non
1037 4221 1131 4285 ita
1148 4222 1223 4284 ut
1246 4219 1433 4284 hodie
1455 4218 1695 4308 legitur
1716 4219 1961 4286 locutos
1983 4220 2176 4285 fuisse
2190 4266 2209 4297 ‚
2235 4217 2512 4305 exempli
2533 4219 2744 4308 gratia

887 4326 1051 4392 hano
1094 4323 1431 4391 lectionem
1478 4346 1755 4412 propono
1769 4373 1786 4405 ‚
1831 4328 1980 4394 vitii
2027 4331 2194 4392 certe
2240 4327 2634 4392 immunem:

800 4433 1064 4512 Λῖαντε,
1114 4437 1215 4500 νῦν
1260 4431 1433 4514 ὔμμε
1482 4433 1754 4500 σαώσετε
1801 4435 1953 4500 λαὸν
2000 4431 2298 4516 ’Λχαιῶν.
