3436 5161
662 392 795 459 394
1520 410 1797 457 rmvms
1842 406 2174 457 sosarnus.

750 575 913 641 Bell.
960 574 1014 639 1.
1047 572 1156 639 33.
1197 574 1237 639 5
1284 574 1362 639 de
1406 570 1663 639 Herode
1710 573 2089 640 moribundo
2135 572 2455 660 legimns:
2504 570 2766 637 ἐκλύει
2807 570 2868 634 δὲ
2907 569 3059 641 τοὺς

658 680 1021 763 ὀφθαλμούς
1041 728 1058 759 ,
1108 684 1259 765 quia
1304 681 1423 746 hoc
1468 678 1633 745 nihil
1678 677 1998 767 significat
2045 684 2110 744 et
2156 686 2480 763 praeterea
2517 682 2734 743 statim
2779 678 3058 741 aoristus

660 789 982 872 sequitur,
1046 788 1356 852 scribam:
1422 786 1558 852 ἔκλ
1578 810 1606 850 ε
1626 812 1643 851 ι
1666 809 1786 864 σε,
1853 788 2043 851 sicuti
2105 784 2446 869 Sophocles
2493 785 2694 849 dixit:
2743 781 3057 864 βλέφαρα

661 892 955 976 κέκληται
1021 892 1074 957 δ’
1122 894 1199 967 ὥς
1263 894 1604 968 καπηλείου
1654 892 1823 973 θύρα.
1889 890 2048 957 Bell.
2105 892 2166 955 1.
2216 890 2324 958 33.
2377 891 2454 958 7:
2504 889 2910 972 περιαθρήσας
2961 890 3054 966 μή

662 1021 756 1072 τις
805 998 832 1063 ὅ
881 998 1199 1065 κωλύων
1248 1000 1378 1084 εἴη,
1424 1001 1806 1085 requiritur:
1853 998 2254 1063 κωλύσων.

753 1184 825 1251 Β.
873 1184 933 1251 J.
984 1184 1047 1251 2.
1100 1187 1160 1252 1.
1210 1188 1287 1251 3:
1338 1188 1405 1252 ού
1451 1187 1572 1264 μὴν
1622 1184 1958 1268 ’Λρχελάῳ
2005 1186 2162 1266 δίχα
2209 1184 2462 1265 Φόνου
2510 1186 2806 1251 καθεκτὸν
2847 1184 2934 1249 ἔτι
2978 1185 3054 1251 τὸ

664 1294 892 1366 πλῆθος
942 1292 1270 1377 ἐφαίνετο,
1322 1293 1492 1359 malo
1539 1292 1643 1374 Φό
1659 1292 1708 1371 β
1724 1316 1822 1358 ου.
1875 1290 1948 1357 Β.
1995 1292 2059 1358 J.
2108 1293 2172 1358 2.
2225 1289 2288 1359 6.
2337 1290 2412 1357 23
2483 1292 2569 1364 εἷς
2616 1296 2796 1357 τοῦτο
2843 1290 3048 1369 μέντοι

664 1398 1102 1472 ταπεινότητος
1168 1400 1235 1464 ἐκ
1297 1403 1405 1463 τοῦ
1469 1399 1762 1480 δυςυχεῒν
1827 1398 2049 1471 ἔθους
2116 1400 2457 1478 προελθεῖν,
2507 1396 2908 1485 intelligam:
2965 1396 3052 1461 τὸ

666 1501 917 1582 ἔθνος,
968 1504 1075 1571 vel
1122 1508 1176 1570 si
1223 1504 1289 1570 id
1336 1506 1495 1571 forte
1542 1508 1788 1571 mavis:
1837 1506 2184 1577 τούθνος.
2249 1505 2328 1570 In
2373 1506 2772 1591 paragrapho
2819 1504 2896 1569 de
2941 1503 3052 1569 Es-

664 1610 831 1675 senis
876 1610 951 1674 B.
997 1608 1059 1675 J.
1110 1610 1171 1675 2.
1222 1610 1288 1675 8.
1340 1610 1421 1677 13
1474 1614 1597 1677 tria
1642 1614 1804 1677 vitia
1851 1611 2092 1679 odoror.
2165 1608 2332 1675 Sunt
2376 1614 2544 1675 inter
2587 1630 2694 1675 eos
2741 1612 2856 1695 qui
2903 1628 3054 1674 uxo·

663 1735 763 1781 res
812 1716 1115 1793 habeant3
1162 1717 1386 1801 quodsi
1434 1736 1653 1783 omnes
1694 1716 1965 1783 coelibes
2014 1723 2493 1803 permanerent,
2535 1718 2811 1781 ἐκλιπεῖν
2849 1712 3051 1781 ἅπαν

664 1822 737 1887 τὸ
798 1822 971 1899 γένος
1037 1823 1287 1903 τάχιςα
1309 1871 1326 1902 ,
1392 1824 1505 1889 sed
1564 1828 1631 1888 in
1694 1844 1770 1890 ea
1823 1823 2134 1890 sententia
2177 1822 2494 1908 particula
2541 1820 2584 1887 a
2603 1848 2632 1887 ν
2676 1843 2804 1889 non
2849 1828 3052 1907 potest

663 1927 901 1994 abesse.
972 1926 1079 1993 Illi
1140 1936 1356 1996 autem
1405 1927 1834 2009 δοκιμάζοντες
1883 1930 2208 2013 τριετίᾳ
2255 1930 2375 2003 τὰς
2424 1929 2758 2008 γαμετάς,
2807 1927 3050 1993 ἐπειδὰν

668 2034 796 2116 τρὶς
860 2035 1230 2115 καθαρθῶσιν
1296 2038 1378 2109 είς
1446 2044 1661 2117 πεῖραν
1723 2040 1832 2101 τοῦ
1879 2035 2171 2102 δύνασθαι
2220 2036 2486 2115 τίκτειν,
2533 2034 2721 2109 οὕτως
2768 2034 3050 2113 ἄγονται.

668 2139 841 2223 Quid
885 2139 1004 2206 hoc
1050 2147 1148 2209 est
1193 2140 1474 2226 τριετίᾳῗ
1520 2143 1748 2209 Latere
1793 2144 2107 2209 dixerim:
2157 2141 2465 2225 εὐεξία.
2513 2142 2790 2208 Deinde:
2829 2151 2970 2214 ταῖς
3003 2140 3052 2205 δ’

665 2245 1001 2325 ἐγκύμοσιν
1046 2250 1166 2329 οὐχ
1214 2249 1562 2329 ὁμιλοῦσιν,
1611 2249 2045 2327 ἐνδεικνύμενοι
2093 2251 2165 2314 τὸ
2201 2248 2291 2327 μὴ
2333 2247 2408 2313 δι’
2437 2246 2640 2324 ἡδονὴν
2682 2250 2860 2313 ἄλλα
2895 2248 2977 2313 τέ
2989 2271 3055 2312 κ-

667 2376 807 2418 νων
855 2354 1149 2435 χρείαν
1194 2364 1469 2436 γαμεῖν,
1516 2357 1629 2422 sed
1674 2357 1794 2423 hoe
1843 2356 2115 2422 dicitur:
2159 2354 2464 2421 τέκνοιν
2508 2354 2774 2439 χάριν.

754 2524 925 2592 Satis
972 2532 1143 2594 certa
1189 2531 1491 2596 correctio
1538 2534 1635 2598 est
1675 2530 1748 2594 B.
1789 2527 1850 2595 J.
1895 2530 1960 2596 2.
1988 2527 2094 2596 10.
2136 2528 2214 2594 4:
2264 2528 2724 2607 πολεμήσει
2769 2528 2835 2594 δὲ
2881 2529 3046 2605 ὑμᾶς

666 2634 695 2699 ὅ
742 2634 1008 2716 πέμψας
1057 2635 1166 2712 ε’μέ
1190 2689 1206 2716 ,
1257 2638 1366 2702 οὐκ
1407 2639 1532 2715 ἐγώ
1556 2660 1570 2677 ·
1618 2657 1772 2702 nam
1815 2635 2155 2702 Petronius
2202 2636 2485 2702 dixerat:
2534 2638 2862 2702 ἀπολεῖ.
2887 2633 2963 2699 Β.
2987 2631 3048 2699 J.

664 2742 727 2807 2.
779 2740 885 2806 11.
936 2741 979 2806 4
1024 2749 1174 2808 sunt
1219 2746 1390 2831 regis
1437 2747 1762 2830 Agrippae
1806 2742 1885 2807 ad
1925 2740 2268 2808 Claudium
2311 2745 2531 2809 verba:
2575 2739 2668 2806 ὅτι
2715 2743 2767 2806 εἰ
2817 2743 2905 2820 μη
2945 2763 3052 2804 κα-

661 2844 893 2926 τάσχοι
943 2851 1053 2923 την
1098 2849 1285 2928 όρμὺν
1332 2851 1450 2914 τῶν
1500 2850 1600 2913 ἐπὶ
1650 2849 1789 2920 τοὺς
1841 2849 2218 2928 εὐπατρίδας
2269 2847 2772 2932 λελυσσηκότων,
2833 2845 3055 2912 οἳπολέ·

664 2977 780 3024 σας
841 2952 903 3018 δὲ
960 2953 1037 3018 δι’
1084 2951 1185 3028 οὓς
1231 2955 1301 3019 τὸ
1349 2963 1594 3034 κρατεῖν
1642 2957 1730 3024 ee}
1779 2954 2262 3034 περίοπτον,
2313 2953 2566 3035 ἐρημίας
2617 2952 2807 3020 ἔσοιτο
2859 2954 3053 3031 βασι-

664 3059 842 3136 λεύς,
906 3060 1017 3125 sed
1076 3061 1441 3149 intelligam
1504 3059 2062 3142 περιπόθητον.
2135 3058 2296 3126 Bell.
2345 3059 2406 3125 J.
2457 3062 2520 3126 2.
2575 3059 2679 3127 13.
2733 3059 2809 3124 3:
2860 3057 3055 3140 ἕτερον

664 3161 827 3237 εἶδος
876 3172 1072 3247 λης-ῶν
1118 3167 1180 3230 ἐν
1226 3168 1663 3245 Ἰεροσολύμοις
1715 3167 2179 3249 ύπεφύετο·
2254 3165 2496 3234 Graece
2543 3168 2662 3233 hoc
2711 3166 2839 3232 dici
2889 3167 3058 3231 ἕπε-

664 3273 959 3350 φύετο,
1010 3273 1299 3340 dicebam
1347 3295 1550 3360 nuper
1594 3274 1673 3340 ad
1723 3273 2128 3340 Herodotum
2176 3271 2239 3339 3.
2294 3271 2446 3338 159.
2493 3273 2708 3339 Etiam
2745 3272 3057 3359 Josephus

660 3381 757 3443 ita
816 3375 1119 3461 loquitur.
1188 3379 1359 3446 Vide
1419 3381 1609 3446 modo
1673 3379 1832 3445 Bell.
1886 3379 1945 3445 J.
2001 3385 2059 3444 1.
2116 3380 2223 3444 10.
2274 3377 2356 3444 6:
2409 3383 2544 3445 καθ’
2594 3380 2814 3445 ἑαυτοῦ
2866 3379 3059 3457 βασι-

662 3491 792 3556 λεῖς
843 3485 1216 3566 ἓπιτρέφων,
1268 3485 1491 3572 Antiq.
1539 3486 1604 3552 2.
1652 3488 1714 3550 9.
1769 3484 1848 3552 3:
1896 3485 2120 3552 σποὶνει
2159 3495 2270 3561 τῆς
2314 3485 2891 3568 ἐπιτραφησομένης
2935 3483 3059 3550 νεό-

659 3612 842 3664 τητος
864 3636 881 3668 ,
926 3587 1152 3676 Antiq.
1208 3589 1329 3670 18,
1378 3591 1441 3658 9.
1490 3591 1569 3657 2;
1618 3592 1942 3669 βουληθεὶς
1992 3592 2434 3674 ἐπιφυομένους
2485 3597 2776 3659 κωλῦσαι.

751 3763 907 3830 Post
954 3763 1332 3830 seditionem
1381 3764 1822 3833 demonstrant
1863 3765 2214 3832 sacerdotes
2253 3764 2476 3834 Gessio
2515 3765 2702 3832 Floro
2727 3763 3055 3830 difficilem

663 3889 797 3934 esse
857 3873 1138 3936 sontium
1199 3873 1763 3958 investigationem
1785 3921 1802 3950 ‚
1867 3873 1942 3938 B.
1991 3870 2057 3938 J.
2103 3869 2167 3938 2.
2227 3872 2329 3938 14.
2382 3873 2457 3960 8,
2521 3874 2742 3943 ἑκάς-ου
2787 3895 3056 3949 μετανο-

660 3977 863 4048 οῦντός
913 4001 983 4041 τε
1034 3977 1169 4042 καὶ
1216 3977 1291 4042 δὲ
1337 3969 1382 4042 ἃ
1431 3977 1799 4043 δέδοικεν
1859 3978 2242 4056 ἀρνουμένου.
2312 3977 2557 4044 Parum
2604 3979 2861 4064 prodest
2909 3998 3056 4043 cum

658 4079 950 4147 Bekkero
998 4084 1305 4149 scribere:
1370 4085 1445 4150 δι’
1495 4080 1538 4150 ἃ
1590 4083 1886 4149 δέδοικεν·
1937 4084 2221 4172 intelligi
2268 4089 2539 4171 poterit:
2605 4085 2739 4151 καὶ
2787 4086 2874 4160 δὴ
2921 4071 3053 4149 καὶ

661 4177 707 4250 ἃ
758 4185 933 4268 δέδρ
951 4213 990 4252 α
1011 4212 1160 4254 κεν.
1231 4189 1356 4255 Sed
1420 4190 1590 4256 ultro
1653 4191 1854 4256 fateor
1922 4193 2253 4256 certiorem
2318 4192 2704 4258 medicinam
2768 4192 3054 4257 adhiberi

658 4311 840 4377 posse
886 4293 961 4358 B.
1009 4294 1068 4360 J.
1119 4296 1183 4361 2.
1230 4297 1335 4360 16.
1380 4295 1455 4360 4:
1506 4296 1986 4375 Λακεδαιμόνιοι
2035 4300 2205 4375 μετὰ
2257 4299 2674 4378 Θερμοπύλας
2724 4298 2829 4363 καὶ
2881 4307 3054 4363 Πλα-

662 4398 848 4472 ταιὰς
914 4400 1019 4464 καὶ
1084 4400 1188 4465 τὸν
1251 4403 1806 4481 ἐρευνήσαντα
1869 4404 1977 4478 τὴν
2040 4403 2263 4470 Ἀσίαν
2323 4407 2709 4482 Ἀγησίλαον
2756 4407 3052 4482 ἀγαπῶσι

662 4504 802 4578 τοὺς
848 4507 1071 4581 αὐτοὺς
1120 4508 1466 4586 δεσπότας,
1516 4529 1667 4575 nam
1713 4510 1807 4576 ibi
1856 4530 2083 4578 verum
2132 4517 2231 4577 est
2287 4513 2924 4592 εὶρηνεύσαντα,
2973 4516 3052 4580 si·
