3436 5161
1384 346 1473 394 An
1514 346 1866 394 monnau.
2730 324 2818 392 87

442 511 767 586 εὐνοίας
816 511 921 576 καὶ
969 511 1281 590 δυνάμεως
1331 519 1454 584 τοῖς
1506 509 1898 591 πράγμασιν.
1963 509 2133 590 Quid
2172 515 2269 574 est
2309 511 2341 584 ἢ
2389 507 2658 573 εὔνοια
2698 513 2816 574 τῶν

443 615 879 698 πραγμάτωνῗ
938 617 1125 686 Nihil
1162 638 1437 704 prorsus.
1499 617 1671 705 Lege
1711 617 2028 696 εὐροίας
2070 621 2135 680 et
2173 614 2504 685 Plutarchi
2545 633 2810 681 manum

441 725 756 792 restitues.

532 933 697 1000 Ibid.
760 934 999 1001 Labem
1047 938 1333 1022 concepit
1378 936 1547 1022 quod
1591 936 1743 1000 libri
1789 935 2128 1000 exhibent:
2177 933 2332 1012 μηδὲ
2382 932 2515 1014 ἔχοι
2565 955 2657 1005 τις
2706 932 2814 999 λέ-

442 1063 579 1118 γειν
625 1039 1180 1121 ἀρχαιότερόν
1224 1066 1297 1106 τι
1347 1045 1487 1108 τοῦ
1532 1040 2066 1118 πλάσματος,
2115 1036 2199 1105 οὗ
2246 1043 2480 1104 τοῦτο
2527 1039 2818 1116 ἀπόγο-

443 1146 565 1210 νόν
625 1145 871 1210 ἐστιν.
960 1144 1137 1211 Haec
1182 1145 1648 1233 si‘intelligere
1694 1149 1794 1212 vis
1841 1147 1936 1210 ita
1983 1144 2284 1231 capienda
2329 1151 2507 1218 sunt,
2559 1149 2634 1208 ut
2677 1147 2818 1208 τοῦ

443 1251 933 1328 πλάσματος
1002 1255 1068 1316 et
1120 1255 1358 1315 τοῦτο
1404 1249 1483 1315 ad
1532 1272 1732 1315 unum
1782 1251 2075 1335 idemque
2121 1249 2504 1337 figmentum
2553 1249 2822 1314 referan-

442 1363 567 1422 tur.
639 1357 824 1421 Nihil
882 1359 1189 1440 antiquius
1270 1357 1377 1420 hoe
1426 1355 1737 1441 Ῑΐφηεηίο,
1807 1357 1980 1419 cuiue
2040 1357 2147 1422 hoc
2213 1356 2589 1440 (flymemum
2657 1354 2820 1438 scil.)

429 1463 744 1547 proycmiee
803 1469 908 1526 est.
998 1457 1351 1526 Balbutire'
1390 1461 1510 1526 hoc
1570 1469 1701 1538 est,
1770 1482 1894 1526 non
1955 1460 2150 1545 loqui.
2223 1461 2366 1524 Non
2417 1462 2569 1524 novi
2612 1458 2822 1523 lenius

439 1568 795 1632 remedium
843 1588 1033 1651 quam
1086 1575 1158 1631 ut
1195 1585 1307 1652 pro
1348 1571 1489 1630 τοῦ
1530 1569 2030 1642 πλάσματος
2071 1567 2420 1642 πλάσμα
2460 1570 2816 1649 reponatur.

440 1670 697 1738 Scribae
760 1677 903 1758 post
955 1674 1460 1756 comparativum
1511 1672 1967 1737 inconsiderate
2012 1674 2375 1758 genitivum
2422 1674 2815 1736 invexerunt.

530 1883 675 1948 Non
711 1903 839 1949 uno
887 1887 1046 1950 vitio
1092 1883 1339 1950 laborat
1386 1887 1646 1949 initium
1698 1906 1834 1971 cap.
1888 1885 1956 1949 4:
2009 1893 2396 1960 Πτολεμαῖος
2421 1884 2520 1948 δύο
2546 1883 2730 1948 καινοὶ
2758 1883 2816 1954 ἐς

446 1987 763 2066 Αἴγυπτον
809 1987 912 2066 dy
933 2013 1019 2053 ων
1067 1991 1349 2065 καμηλόν
1394 2013 1467 2054 τε
1514 1992 1966 2066 παμμέλαιναν
2014 1991 2116 2054 καὶ
2167 1991 2470 2069 δίχρωμον
2519 1976 2820 2069 ἄνθρωπον

443 2140 738 2159 .......
788 2095 848 2165 ἐς
896 2094 965 2158 τὸ
1014 2094 1257 2173 θέατρον
1296 2097 1674 2173 συναγαγὼν
1713 2096 1854 2166 τοὺς
1891 2097 2268 2172 Αἰγυπτίους
2309 2096 2820 2159 ἐπεδείκνυτο

449 2201 661 2270 αὐτοῖς
710 2197 885 2264 ἄλλα
933 2224 1003 2264 τε
1058 2201 1269 2265 πολλοὶ
1316 2203 1421 2266 καὶ
1470 2202 1540 2265 τὸ
1580 2209 1939 2266 τελευταῖον
1976 2201 2077 2264 καὶ
2120 2207 2328 2264 ταῦτα
2373 2201 2506 2286 [τὴν
2543 2200 2822 2273 κάμηλον

441 2305 544 2367 καὶ
608 2306 712 2368 τὸν
761 2305 1089 2380 ἡμίλευκον
1138 2305 1494 2391 ἄνθρωπον].
1564 2306 1688 2372 Pro
1737 2305 1955 2384 ἄγων
2001 2327 2187 2370 nemo
2233 2327 2354 2371 non
2405 2306 2578 2368 videt
2625 2307 2822 2380 ἀγα·

439 2411 593 2485 γών
651 2412 912 2494 requiri3
985 2417 1050 2476 et
1111 2431 1305 2495 quam
1364 2411 1695 2495 pueriliter
1742 2433 1900 2496 quae
1948 2413 2196 2475 uncinis
2244 2410 2473 2475 inclusi
2521 2431 2598 2473 ex
2647 2429 2822 2493 prae-

438 2517 674 2605 gressis
737 2513 1083 2580 iterantur!
1171 2515 1295 2582 Sed
1344 2523 1663 2602 praeterea
1710 2518 2088 2583 mendosum
2135 2525 2229 2582 est
2278 2516 2414 2579 ἕπε
2437 2515 2812 2579 δείκνυτο.

440 2619 567 2700 Qui
628 2620 773 2685 aliis
834 2622 1267 2706 spectaculum
1326 2624 1617 2707 praebet,
1666 2626 1734 2693 iu
1784 2644 1907 2707 quo
1953 2626 2086 2707 ipse
2131 2621 2340 2686 nullas
2387 2628 2594 2705 partes
2644 2624 2816 2707 agit,

440 2724 986 2811 ἐπιδείκνυσι,
1059 2730 1169 2812 qui
1218 2727 1295 2793 de
1342 2748 1456 2793 suo
1500 2727 1746 2812 aliquid
1790 2728 2050 2792 exhibet
2099 2734 2210 2791 aut
2256 2734 2454 2791 artem
2503 2732 2812 2799 ostentat,

440 2830 1029 2898 ἐπιδείκνυται.
1127 2832 1349 2917 Itaque
1418 2836 1770 2899 rectissime
1840 2833 1904 2896 in
1974 2833 2093 2897 hac
2160 2836 2299 2916 ipsa
2367 2830 2818 2915 scriptiuncula

439 2935 674 3003 dicitur
731 2957 866 3023 cap.
933 2936 1012 3002 2:
1068 2936 1300 3001 είδωλα
1366 2935 1537 3001 ἄττα
1598 2936 2239 3013 ἐπιδεικνύμεθα
2305 2943 2369 3003 et
2419 2958 2551 3023 cap.
2605 2936 2643 2999 5
2693 2944 2817 3006 τοῖς

436 3040 786 3122 ζωγράφοις
850 3043 1558 3119 ἐπιδεικνυμένοις
1623 3045 1741 3114 τὰς
1807 3050 2119 3123 παροινίας
2181 3044 2380 3106 αὐτῶν
2427 3044 2599 3106 etin
2651 3024 2816 3106 Piso.

436 3167 569 3231 cap.
632 3146 717 3211 33
777 3146 853 3212 de
915 3156 1123 3213 actore
1184 3150 1285 3213 τὸν
1348 3149 1477 3213 Δία
1525 3148 2114 3226 ἐπιδείξασθαι.
2187 3146 2309 3212 Sed
2356 3149 2532 3231 quis,
2582 3154 2656 3211 ut
2700 3146 2820 3211 hoc

437 3258 617 3329 utar,
678 3254 744 3317 in
804 3251 1070 3318 Timone
1133 3273 1267 3337 cap.
1320 3252 1405 3320 27
1457 3252 1514 3317 εί
1566 3277 1657 3325 τις
1710 3257 1920 3323 αὐτοῖς
1966 3251 2098 3318 ὅλον
2149 3255 2610 3329 ἀπογυμνώσας
2659 3252 2822 3317 ἐπέ-

436 3354 649 3432 δειξέ
714 3381 796 3433 με
856 3378 968 3441 pro
1026 3356 1407 3433 ’ἐπέδειξε
1473 3360 1664 3424 ferret
1723 3356 2257 3432 ἐπεδείξατοῖ
2326 3358 2546 3442 Itaque
2592 3378 2671 3423 ne
2716 3358 2822 3423 hic

437 3463 693 3546 quidem
744 3463 1075 3527 ferendum
1125 3464 1632 3529 ἐπεδείκνυτο
1672 3484 1786 3549 pro
1827 3445 2418 3528 enesslxvv'sive
2458 3464 2820 3529 ἐπεδείκ-

438 3590 632 3632 νυεν.
702 3568 955 3633 Passim
1004 3568 1158 3633 haec
1207 3568 1507 3634 confundi
1552 3566 1830 3634 Cobetus
1879 3571 2128 3653 saepius
2175 3568 2469 3633 ostendit.

530 3774 681 3863 Cap.
751 3774 843 3842 6.·
881 3774 1030 3848 ὥςτε
1078 3774 1147 3841 τὸ
1196 3784 1313 3841 τῶν
1360 3782 1658 3854 μουσικῶν
1704 3781 1916 3855 τοῦτο,
1964 3778 2054 3849 δὶς
2103 3777 2205 3842 διὰ
2252 3782 2464 3842 πασῶν
2514 3774 2664 3841 εἶναι
2714 3780 2822 3852 τὴν

439 3882 731 3963 οὶρμονίαν
794 3882 947 3966 [azera
1006 3886 1113 3947 τοῦ
1178 3882 1476 3961 ὀξυτάτου
1541 3883 1600 3954 ἐς
1648 3881 1717 3945 τὸ
1767 3882 2171 3968 βαρύτατον].
2245 3884 2430 3947 Nunc
2481 3883 2634 3947 adeo
2685 3886 2822 3967 ipse

436 4007 554 4054 sua
591 3989 922 4073 proverbia
965 3991 1418 4074 interpretatur
1467 3985 1820 4052 Lucienus!
1888 3987 2115 4053 Simile
2157 3989 2460 4072 quiddam
2507 3992 2824 4054 usuvenit

436 4096 507 4159 in
570 4092 694 4159 fine
752 4093 1089 4177 Zeuxidis,
1140 4095 1249 4158 ubi
1297 4094 1451 4159 haec
1500 4094 1838 4180 leguntur:
1890 4094 2066 4159 ἀλλὰ
2111 4098 2232 4174 χρὴ
2282 4093 2496 4158 πάντα
2543 4093 2658 4169 μὲν
2706 4094 2824 4159 κά-

436 4212 559 4263 λων
624 4206 837 4276 κινεῖν,
893 4198 1109 4263 πάντα
1167 4198 1231 4263 δὲ
1295 4197 1591 4277 προὶττειν
1658 4197 1764 4262 καὶ
1830 4198 2053 4275 λέγειν.
2137 4198 2535 4265 Glossemate
2589 4206 2825 4265 resecto

438 4304 663 4371 eadem
707 4324 895 4389 opera
940 4304 1053 4381 μέν
1099 4303 1454 4369 intercidet.
1887 4388 1890 4393 Ι
1937 4292 1943 4297 ’

532 4408 849 4491 Niqrinuc.
920 4406 993 4473 In
1043 4408 1309 4494 epistola
1346 4429 1459 4493 pro
1501 4403 1677 4475 ἐκεῖ
1707 4408 1938 4490 κομίζοι
1978 4400 2223 4499 corrige
2261 4410 2527 4475 ἐκεῖσε
2565 4409 2819 4491 κομίζοι.
