3436 5161
585 257 718 324 218
1615 276 1937 325 nonanus,

585 442 756 507 enim
818 445 988 506 recte
1048 440 1318 525 dicitur,
1383 462 1507 528 quo
1553 444 1766 530 magis
1811 445 2010 508 miror
2058 442 2127 509 id
2173 462 2373 507 unum
2428 440 2595 528 quod
2640 464 2761 507 nou
2804 443 2974 507 recte

581 546 819 613 dicitur
862 549 930 612 in
977 553 1322 633 utrumque
1368 549 1582 614 locum
1633 552 1983 635 irrepsisse.

673 650 824 720 Sine
870 652 1064 719 dubio
1111 673 1260 719 vero
1308 654 1564 720 dativus
1611 661 1708 720 cst
1754 656 2185 722 restituendus
2234 679 2283 720 π
2324 653 2449 721 92:

856 754 892 833 ἦ
938 757 1124 839 μάλα
1168 783 1317 839 μευ
1365 760 1803 826 καταδάπτετ’
1850 762 2171 836 ἀκούοντος
2218 763 2406 843 Φίλον
2453 758 2633 853 ἦτορ,

575 866 778 931 immo
833 888 934 943 μοι
966 914 982 931 .
1010 912 1025 928 .
1055 914 1071 931 .
1115 865 1392 932 ἀκούοντι
1431 867 1739 952 producto
1792 868 1997 934 dativi
2042 871 2175 935 iota
2224 867 2429 946 finali,
2491 872 2565 932 ut
2610 866 2970 953 frequenter

577 971 747 1057 apud
790 971 1172 1037 Homerum.

664 1075 1112 1144 subducantur
1158 1080 1466 1146 rationes:

1041 1183 1314 1271 Legitur
1357 1187 1427 1250 in
1472 1189 1656 1250 textu
1701 1184 2049 1254 Homerico
2097 1189 2266 1267 ἐμεῖο
2311 1185 2468 1253 locis
2516 1185 2601 1252 49

2094 1291 2237 1369 ἐμέο
2356 1341 2390 1372 ,,
2561 1292 2594 1358 1

2088 1400 2251 1477 ἐμεῖ’
2356 1446 2393 1478 „
2558 1397 2600 1465 2

863 1508 1186 1588 praeterea
1228 1524 1342 1589 pro
1391 1504 1541 1582 ε’μεῦ
1591 1505 1787 1570 scribi
1832 1509 2043 1592 potest
2090 1506 2247 1582 ἐμεῖ’
2357 1552 2391 1583 ,,
2558 1503 2599 1569 8

1101 1647 1106 1651 v
2086 1610 2215 1690 ἕμέ’
2352 1658 2388 1689 ‚,
2556 1609 2595 1677 7

1085 1721 1149 1782 et
1197 1736 1309 1802 pro
1355 1741 1476 1795 μευ
1529 1718 1841 1805 corrigere
1887 1716 2041 1783 licet
2086 1719 2186 1794 με’
2353 1764 2387 1795 ,,
2515 1714 2595 1781 19

2085 1846 2197 1898 μεθ
2355 1871 2389 1900 n
2554 1820 2595 1886 6

2508 1930 2594 1994 92

659 2034 784 2100 His
845 2041 1062 2099 autem
1125 2041 1380 2100 centum
1445 2036 1575 2127 fere
1629 2036 1788 2102 locis
1833 2038 2122 2121 ‚oppositi
2188 2042 2338 2100 sunt
2400 2050 2541 2103 octo
2600 2036 2715 2101 ubi
2770 2034 2918 2111 ἐμεῦ
2940 2082 2960 2119 ,

433 2153 440 2159 ’
569 2148 710 2207 octo
781 2143 894 2206 ubi
953 2164 1073 2216 μευ
1135 2141 1499 2226 invenitur,
1547 2142 1652 2207 sed
1703 2142 1988 2207 vidimus
2035 2163 2254 2208 omnes
2302 2140 2677 2207 facillimam
2725 2140 2957 2206 habere

565 2247 1070 2313 emendationem
1093 2296 1110 2331 ,
1151 2248 1422 2333 denique
1462 2250 1530 2313 in
1558 2246 1880 2314 locutione
1916 2247 2176 2313 κέκλυτέ
2214 2271 2336 2325 μευ
2359 2254 2647 2313 nostrum
2675 2266 2810 2311 esse
2833 2253 2957 2311 sta·

563 2358 742 2419 tuere
782 2360 1000 2418 utrum
1039 2378 1158 2429 μευ
1200 2375 1281 2419 an
1329 2376 1431 2431 μοι
1481 2357 1567 2419 sit
1600 2354 2123 2439 praeferendum,
2160 2376 2309 2420 cum
2337 2360 2549 2419 textus
2572 2352 2955 2419 Homericus

563 2463 908 2543 utrumque
947 2460 1284 2543 exhibeat,
1325 2465 1390 2525 et
1435 2458 1748 2545 posterius
1794 2461 2003 2547 igitur
2048 2481 2179 2526 esse
2228 2451 2634 2548 elegendum.

651 2563 880 2651 Itaque
925 2588 1074 2632 cum
1120 2587 1324 2652 neque
1371 2566 1522 2644 ε’μεῦ
1572 2587 1775 2652 neque
1820 2591 1940 2642 μευ
1990 2589 2259 2654 usquam
2308 2569 2401 2632 ita
2447 2568 2728 2652 positum
2776 2585 2955 2652 repe-

557 2673 763 2736 riatur
825 2677 900 2737 ut
963 2658 1310 2738 necessario
1376 2672 1707 2738 ferendum
1770 2675 1891 2758 sit,
1951 2675 2066 2740 has
2129 2673 2293 2740 solas
2362 2673 2600 2740 formas
2669 2671 2951 2740 Homero

556 2763 968 2844 vindicandas
1015 2799 1150 2844 esse
1194 2781 1324 2844 iam
1377 2784 1620 2845 constat
1671 2783 1745 2844 ut
1794 2801 2011 2864 spero:

648 2884 816 2962 ἐμεῖο
837 2931 854 2962 ,
919 2883 1060 2962 ἐμέο
1078 2931 1097 2964 ,
1157 2889 1222 2950 et
1268 2885 1558 2952 enclitice
1603 2909 1716 2965 μεο
1736 2932 1753 2963 ,
1803 2899 1964 2972 quae
2013 2885 2273 2952 elisione
2322 2886 2639 2952 decurtari
2688 2891 2951 2972 possunt

559 2991 626 3056 in
674 2990 859 3069 ἐμεῖ’,
911 2991 1062 3070 gaf,
1115 2993 1240 3067 με’.

653 3200 1073 3268 Transeamus
1120 3204 1199 3268 ad
1247 3203 1556 3270 secundae
1605 3225 1905 3290 personae
1948 3205 2183 3270 formas
2223 3213 2377 3283 σεῖο,
2424 3204 2561 3280 σέο,
2608 3210 2753 3285 σεῦ,
2791 3225 2949 3292 qua·

558 3329 701 3372 rum
769 3309 930 3374 duae
969 3311 1230 3394 primae
1297 3310 1381 3375 54
1444 3309 1600 3376 locis
1664 3311 2114 3396 inveniuntur,
2165 3314 2355 3377 tertia
2403 3317 2654 3397 autem,
2701 3315 2757 3378 si
2802 3334 2953 3378 vera

558 3421 704 3479 sunt
771 3435 930 3500 quae
966 3415 1070 3480 'de
1136 3415 1284 3490 ἐμεῦ
1335 3420 1399 3480 et
1446 3440 1564 3492 μευ
1615 3417 2122 3502 disputavimus,
2172 3438 2323 3483 sana
2370 3437 2503 3482 esse
2549 3438 2674 3483 non
2722 3424 2949 3502 potest.

555 3519 779 3607 Neque
827 3521 905 3586 ad
953 3543 1092 3587 eam
1143 3523 1582 3610 corrigendam
1633 3523 1923 3588 codicum
1976 3544 2090 3609 ope
2140 3524 2434 3588 destituti
2488 3545 2747 3601 sumus,
2797 3545 2950 3589 nam

555 3625 624 3691 hi
689 3628 855 3694 binis
914 3628 1070 3695 locis
1133 3639 1180 3694 Z
1249 3629 1380 3692 454
1443 3634 1508 3692 et
1564 3629 1791 3714 hymn.
1846 3628 1969 3710 34,
2023 3627 2105 3693 19
2158 3631 2283 3694 σεῖ’
2330 3629 2634 3694 exhibent
2679 3650 2790 3715 pro
2839 3635 2948 3695 σεῦ

557 3733 742 3814 (conf.
817 3737 1010 3799 etiam
1083 3733 1294 3799 Schol.
1369 3745 1428 3798 A
1503 3731 1696 3818 841);
1765 3734 1931 3819 quod
1992 3739 2206 3800 tamen
2268 3735 2580 3800 indicium
2643 3739 2950 3820 spernunt

555 3837 962 3905 'I'hierschius
1011 3845 1075 3905 et
1121 3839 1502 3918 Larocffius,
1551 3846 1615 3904 et
1656 3841 1869 3924 potius
1910 3841 2247 3926 utrobique
2288 3839 2573 3904 Homero
2599 3840 2948 3906 obtrudunt

557 3950 702 4018 σεῦ,
755 3966 944 4030 quam
1014 3945 1361 4010 secundum
1429 3945 1584 4010 duos
1644 3944 1791 4010 illos
1839 3967 2095 4030 versus,
2143 3946 2303 4011 forte
2342 3949 2596 4012 fortuna
2635 3948 2945 4025 intactos,

557 4053 880 4138 corrigant
928 4050 1086 4116 alios
1133 4054 1243 4136 qui
1290 4053 1510 4116 vitiosi
1558 4051 1634 4115 ad
1683 4071 1797 4116 nos
1846 4059 2287 4137 pervenerunt.
2997 4057 3001 4059 ’

544 4149 548 4154 ’
648 4158 869 4223 Potest
916 4163 1132 4222 autem
1182 4163 1288 4222 σεῦ
1338 4161 1406 4222 in
1453 4161 1576 4223 σεῖ’
1625 4161 1865 4224 mutari
1914 4167 1959 4223 Γ
2014 4159 2183 4237 206,
2236 4167 2282 4222 Ζ
2335 4157 2502 4237 409,
2560 4159 2714 4245 411,
2756 4157 2945 4240 2-7'7,

559 4274 610 4328 X
660 4261 820 4339 432,
878 4271 948 4328 Ω,
1000 4260 1166 4348 371,
1213 4287 1242 4328 ο
1292 4263 1393 4328 19.

646 4369 723 4434 In
761 4367 852 4432 σε’
891 4370 1132 4435 mutari
1175 4375 1385 4454 potest
1431 4381 1475 4433 B
1525 4367 1634 4452 27,
1685 4367 1810 4453 64,
1854 4378 1904 4434 Ε
1954 4367 2125 4453 811,
2165 4378 2220 4434 Η
2251 4368 2419 4454 111,
2456 4380 2511 4436 Θ
2540 4367 2703 4447 482,
2750 4377 2791 4438 Ξ
2820 4369 2941 4455 95,
