3436 5161
698 388 832 457 414
1721 408 2042 459 nonnus.

949 700 987 783 ξ
1032 698 1095 765 2.
1168 698 1264 764 De
1300 698 1554 781 yenitivi
1595 698 1902 785 (latinique
1944 703 2009 762 in
2057 719 2295 762 numero
2341 698 2516 761 daubi
2549 696 2787 783 for-mie.

782 912 1051 979 Nonnisi
1111 913 1498 998 paucissima
1558 911 1636 978 de
1698 912 1802 977 his
1861 910 2062 978 habeo
2107 910 2333 977 dicere.
2404 908 2571 975 Sunt
2615 912 2782 986 νῶϊν,
2829 908 3028 989 σφῶῖν
3045 953 3064 984 ,

690 1017 889 1101 σφωϊν
904 1066 921 1097 ,
987 1023 1052 1084 et
1112 1018 1268 1085 locis
1321 1017 1449 1084 fere
1497 1019 1960 1105 quinquaginta
2003 1016 2326 1104 leguntur.
2397 1015 2614 1082 Tertia
2661 1020 2874 1081 autem
2922 1034 3065 1099 pos·

688 1126 775 1189 sit
820 1123 1015 1191 alicui
1059 1130 1348 1209 suspecta
1392 1124 1595 1191 videri
1612 1172 1629 1203 ‚
1681 1145 1831 1190 cum
1877 1126 2034 1190 satis
2077 1122 2372 1189 mirabile
2411 1127 2494 1188 sit
2531 1142 2726 1188 unam
2764 1120 3060 1187 eandem-

686 1248 806 1314 que
866 1229 1139 1296 formam
1200 1231 1504 1295 inservire
1562 1230 1730 1295 binis
1788 1232 2068 1314 personis
2087 1277 2103 1307 ‚
2158 1235 2222 1295 et
2268 1234 2586 1314 praeterea
2633 1229 2828 1293 etiam
2878 1248 3058 1293 accu-

684 1336 877 1401 sativi
936 1335 1141 1401 forma
1189 1334 1363 1417 σφωέ
1408 1356 1635 1421 parum
1680 1335 1975 1402 videatur
2015 1334 2377 1401 Homerica.
2427 1334 2758 1399 Immerito
2805 1340 3053 1411 tamen,

682 1448 759 1506 ut
818 1462 939 1530 ego
1000 1443 1271 1507 arbitror
1287 1492 1305 1525 ,
1369 1442 1567 1522 σφωΐν
1627 1444 1936 1508 vitiosum
1983 1441 2272 1526 duxeris3
2319 1460 2471 1508 nam
2516 1443 2682 1507 inter
2725 1440 2894 1506 locos
2939 1440 3057 1505 ubi

679 1546 795 1613 illa
840 1548 1047 1613 forma
1082 1547 1325 1635 legitur
1370 1548 1455 1633 (Α
1482 1544 1644 1627 338,
1684 1560 1744 1614 Λ
1773 1546 1935 1632 628,
1977 1546 2152 1623 328,
2191 1562 2230 1612 λ
2257 1545 2426 1633 319,
2467 1570 2502 1611 υ
2527 1546 2689 1632 327)
2725 1566 2892 1611 unus
2915 1552 3058 1613 tan-

677 1656 1012 1722 tummodo
1059 1666 1391 1741 corruptus
1436 1660 1567 1733 est,
1612 1676 1843 1741 nempe
1887 1654 1922 1718 δ
1956 1652 2078 1721 28:

1103 1759 1253 1827 ἀλλ’
1299 1760 1421 1826 εἴπ’
1467 1761 1502 1836 ἤ
1552 1767 1750 1842 σφωιν
1795 1760 2236 1839 καταλύσομεν
2281 1758 2472 1833 ὠκέας
2519 1756 2773 1837 ἵππους,

677 1866 793 1932 ubi
852 1872 964 1931 aut
1022 1886 1137 1952 pro
1196 1864 1322 1931 εἴπ’
1382 1872 1590 1953 potest
1636 1868 1869 1954 corrigi
1914 1866 2080 1950 zoa-⁹,
2127 1874 2240 1937 aut
2287 1866 2504 1952 paullo
2550 1867 2853 1932 audacius
2872 1912 2889 1942 ‚
2939 1865 3053 1931 sed

676 1978 891 2039 tamen
938 1975 1005 2037 ni
1050 1972 1241 2038 fallor
1283 1976 1552 2039 rectius:

1100 2080 1252 2145 ἀλλ’
1300 2077 1453 2156 ἆγε
1501 2078 1650 2144 νεῖτ’
1696 2079 1733 2153 ἥ
1778 2084 1930 2157 σφιν
1974 2076 2414 2155 καταλύσομεν
2459 2077 2652 2152 ὠκέας
2701 2074 2941 2152 ἵππους.

675 2185 881 2265 Quam
930 2184 1116 2251 facile
1162 2184 1447 2251 excidere
1492 2185 1772 2270 potuerit
1815 2182 1939 2262 ἄγε
1986 2182 2106 2249 hoc
2146 2205 2331 2250 versu
2352 2233 2369 2268 ,
2411 2187 2624 2270 quivis
2647 2185 2842 2250 videt.
2889 2182 3048 2251 Cae-

671 2298 838 2361 teros
895 2298 1111 2357 autem
1170 2289 1343 2357 locos
1386 2297 1693 2377 quatuor,
1741 2291 1974 2375 quibus
2019 2292 2216 2371 σφωίν
2259 2294 2534 2357 occurrit
2551 2340 2568 2368 ‚
2617 2311 2798 2357 sanos
2844 2291 3004 2357 duco
3023 2338 3042 2369 ,

670 2404 734 2463 et
779 2397 939 2463 bene
982 2395 1392 2463 Homericam
1439 2404 1595 2483 puto
1640 2396 1822 2462 illam
1874 2416 2007 2462 esse
2052 2396 2347 2463 formam.

758 2490 985 2569 Restat
1042 2509 1119 2569 ut
1177 2508 1472 2569 notemus
1531 2524 1788 2571 versum
1805 2550 1824 2580 ,
1886 2523 2077 2589 quem
2140 2508 2510 2589 corruptum
2573 2524 2707 2569 esse
2763 2506 3041 2569 certissi-

667 2631 852 2676 mum
930 2617 1026 2678 est
1044 2661 1061 2696 ,
1142 2631 1287 2677 cum
1358 2613 1427 2677 in
1487 2631 1559 2678 eo
1620 2617 1907 2677 occurrat
1969 2631 2094 2676 vox
2155 2617 2475 2677 contracta
2532 2611 2706 2693 σφῷν
2757 2611 3040 2678 Homero

666 2718 983 2795 inaudita,
1037 2717 1071 2782 δ
1118 2715 1241 2782 62:

1093 2823 1159 2888 οὐ
1207 2821 1333 2902 γὰρ
1378 2823 1553 2903 σφῷν
1598 2846 1677 2902 γε
1722 2821 1895 2900 γένος
1943 2821 2235 2889 ἀπόλωλε
2277 2823 2524 2897 τοκήων.

661 2929 790 2994 Hic
833 2929 1095 2994 fortasse
1142 2929 1267 3008 γὰρ
1315 2928 1623 2996 abundat:
1675 2929 1744 2994 οὐ
1790 2928 1987 3009 σφῶίν
2033 2953 2114 3006 γε
2134 2979 2152 3012 ,
2193 2929 2302 2994 sed
2345 2950 2491 2994 eum
2529 2930 2800 2994 minime
2823 2949 3036 3014 super-

660 3055 932 3102 vacanea
978 3036 1063 3099 sit
1109 3033 1223 3099 illa
1266 3033 1580 3120 particula
1597 3083 1617 3118 ,
1669 3036 1802 3100 veri
1846 3033 2124 3099 similius
2170 3034 2332 3101 duco
2369 3035 2564 3102 altius
2588 3034 2785 3102 latere
2809 3035 2993 3101 ulcus
3011 3084 3032 3120 ,

657 3141 931 3208 necdum
975 3142 1037 3207 ei
1082 3140 1399 3217 medelam
1445 3161 1579 3207 esse
1622 3146 1956 3226 repertam.

903 3469 1027 3538 111.
1096 3487 1181 3536 mr
1222 3484 1641 3536 nonomen
1682 3486 2130 3537 PRRSONALIUM
2171 3487 2432 3537 nunno
2477 3487 2770 3536 PLURALI.

1340 3673 1378 3758 ς
1429 3673 1485 3738 l.
1558 3673 1653 3738 De
1694 3675 2045 3740 nominatim·
2078 3674 2319 3761 formis.

734 3872 1125 3940 Tractandae
1169 3873 1351 3938 nobis
1397 3878 1735 3957 supersunt
1779 3873 2022 3939 formae
2068 3875 2320 3939 numeri
2367 3872 2635 3959 pluralis
2654 3866 2680 3958 ,'
2711 3881 2776 3939 et
2811 3876 3023 3960 primo

646 3979 904 4065 quidem
967 3978 1103 4045 loco
1164 3999 1345 4046 casus
1402 3980 1805 4046 nominativi.
1879 3977 2180 4044 Carmina
2244 3976 2564 4046 homerica
2607 3983 2830 4046 tertiae
2877 4001 3021 4066 per-

646 4105 831 4151 sonae
876 4087 1343 4150 nominativum
1389 4087 1455 4149 in
1501 4084 1738 4169 plurali
1785 4105 1909 4150 non
1956 4085 2256 4150 exhibent
2271 4105 2289 4164 ;
2339 4086 2449 4151 sed
2485 4089 2554 4150 in
2593 4087 2803 4171 prima
2841 4092 2906 4152 et
2929 4107 3022 4154 se-

645 4191 849 4257 cunda
896 4212 1155 4276 persona
1202 4201 1567 4277 comparent
1626 4191 1806 4257 binae
1851 4192 2090 4257 formae
2137 4212 2297 4277 quae
2341 4193 2738 4260 nominativo
2783 4190 3020 4277 plurali

640 4300 926 4383 propriae
1000 4317 1132 4363 esse
1193 4297 1524 4382 dicuntur,
1587 4317 1816 4383 nempe
1881 4299 2057 4373 ἡμεῖς
2122 4299 2298 4374 ὑμεῖς
2361 4307 2426 4363 et
2489 4295 2705 4377 ἄμμες
2773 4298 3015 4377 §auem

641 4405 879 4488 priores
938 4409 1154 4469 autem
1212 4405 1455 4469 ionicae
1472 4453 1490 4488 ‚
1552 4403 1788 4470 alterae
1849 4403 2122 4470 aeolicae
2184 4410 2508 4470 vocantur.
2597 4406 2798 4491 Atqui
2855 4403 3018 4470 tales

640 4509 1179 4576 denominationes
1230 4509 1399 4576 nihil
1457 4508 1679 4574 dicunt
1696 4557 1712 4578 .
1775 4509 1939 4575 nihil
2002 4509 2318 4595 explicant
2335 4557 2352 4588 ,
2419 4510 2528 4576 sed
2583 4510 2661 4576 ad
2709 4531 2821 4577 nos
2865 4515 3015 4578 sunt
