3436 5161
1457 392 1855 446 naono-rus.
2765 374 2853 444 ¹73

558 564 674 631 VI.
727 564 848 631 52:
897 564 1147 636 τούτους
1194 562 1601 643 ἀνδρωθέντας
1647 586 1692 627 ω
1711 565 1745 628 ὖ
1764 588 1803 629 τ
1825 585 1853 628 ο
1872 562 1905 629 ύ
1925 588 1953 633 ς
2003 588 2041 627 τ
2058 588 2087 629 ε
2130 566 2175 629 οἱ
2192 562 2226 628 δ
2243 588 2271 629 ε
2292 578 2330 627 λ
2348 570 2403 645 φ
2422 589 2449 629 ε
2468 588 2495 630 ο
2517 562 2550 627 ὺ
2570 588 2599 635 ς
2640 560 2852 635 ἐόντως

468 672 718 749 λέγουσι
783 669 1105 753 διαφόρους
1168 667 1320 737 εἶναι
1383 670 1485 735 τὸν
1550 668 1764 735 πάντα,
1828 670 2058 751 χρόνον.
2147 669 2388 736 Melius
2452 669 2854 758 intelligam:

470 802 512 845 οι
533 780 566 844 ὖ
581 801 674 843 τω
694 780 727 843 δ
745 802 774 842 ε
793 792 832 841 λ
851 782 908 860 φ
925 802 952 842 ε
969 803 998 843 ο
1017 779 1050 844 ὺ
1070 802 1099 851 ς
1163 778 1399 849 ἐόντας.
1471 776 1623 841 Dixi
1670 777 1749 841 de
1793 776 2159 861 hujusmodi
2206 779 2581 862 compositis
2623 777 2848 842 Mnem.

469 884 627 950 xlx
675 882 831 949 251.

563 1113 744 1193 Quod
805 1112 1050 1201 legitur
1095 1112 1181 1177 VI
1229 1112 1354 1179 57:
1403 1112 1759 1193 πατρούχου
1810 1108 2102 1192 παρθένου
2126 1161 2143 1195 ,
2192 1111 2604 1177 credebamus
2662 1110 2860 1176 Cobe-

472 1226 612 1285 tum
677 1239 826 1286 vere
885 1218 1253 1284 emendasse
1314 1220 1670 1299 πωμούχου.
1760 1218 2004 1283 Tamen
2074 1238 2147 1283 ea
2195 1220 2473 1302 suspicio
2520 1222 2686 1283 stare
2722 1236 2858 1288 ¹non

469 1332 710 1411 potest,
752 1331 1087 1409 postquam
1136 1328 1204 1390 in
1252 1324 1501 1392 Cretica
1547 1325 1967 1409 Inscriptione
2014 1345 2175 1409 quae
2218 1330 2364 1389 ante
2407 1345 2641 1408 paucos
2666 1342 2859 1389 annos

471 1430 800 1518 Gortynae
846 1436 1028 1497 eruta
1074 1432 1228 1507 fuit,
1280 1434 1615 1497 inventum
1667 1438 1764 1496 est
1806 1432 2193 1518 adJectivum
2240 1436 2638 1511 πατρῳῶχος.
2688 1428 2864 1494 Velis

468 1538 633 1605 nolis
673 1537 1144 1604 concedendum
1185 1544 1279 1604 est
1328 1537 1597 1603 Roehlio
1619 1586 1634 1615 ‚
1687 1537 1855 1623 apud
1908 1558 2097 1623 quem
2148 1558 2223 1604 ea
2270 1539 2601 1623 inscriptio
2650 1535 2865 1602 475m2

473 1650 569 1711 est
606 1646 776 1709 inter
813 1646 1292 1729 antiquissimas
1331 1663 1488 1728 quas
1525 1628 1763 1729 edidit,
1805 1642 2086 1709 Ionicam
2120 1644 2391 1711 formam
2436 1640 2859 1723 πωτρωιοῦχος

476 1750 802 1817 Herodoto
845 1750 1229 1816 reddendam
1279 1770 1432 1815 esse.
1505 1750 1680 1817 Adeo
1726 1752 1794 1814 in
1839 1771 1908 1816 re
1954 1752 2173 1816 critica
2221 1749 2480 1815 difficile
2521 1752 2618 1815 est
2642 1770 2863 1816 cavere

475 1880 554 1924 ne
601 1857 761 1924 falsa
807 1860 1014 1942 specie
1061 1856 1473 1943 decipiamur.

572 2103 908 2171 Demarati
953 2108 1104 2169 sunt
1148 2102 1227 2168 ad
1275 2106 1547 2169 matrem
1597 2101 1791 2168 verba
1836 2100 1924 2167 VI
1971 2100 2103 2168 68:
2149 2099 2208 2166 εἴ
2250 2124 2364 2182 περ
2411 2097 2751 2174 πεποίηκας
2803 2121 2863 2163 τι

478 2218 596 2277 τῶν
659 2209 1164 2292 λεγομένων,
1231 2210 1294 2272 οὐ
1360 2207 1549 2287 μούνη
1613 2206 1682 2283 δὴ
1750 2207 2133 2286 πεποίηκας,
2196 2207 2367 2284 μετὰ
2430 2205 2707 2271 πολλέων
2777 2200 2862 2270 δέ.

477 2318 705 2404 Itaque
753 2322 1010 2402 apparet
1058 2315 1341 2381 laxatam
1392 2314 1680 2403 Lycurgi
1726 2314 2129 2403 disciplinam
2174 2313 2369 2379 fuisse
2390 2360 2405 2391 ,
2454 2332 2655 2398 quum
2696 2308 2865 2375 mul·

477 2428 579 2490 tae
648 2422 894 2489 nobiles
959 2427 1289 2488 matronae
1357 2420 1658 2488 adulterii
1730 2424 1914 2509 argui
1983 2426 2256 2506 possent.
2352 2418 2471 2485 Sed
2543 2422 2864 2505 praeterea

478 2530 740 2598 malim:
809 2529 865 2595 εἴ
925 2552 1036 2610 περ
1100 2528 1442 2605 πεποίηκάς
1500 2551 1561 2595 τι
1608 2534 1725 2594 τῶν
1773 2527 2281 2606 ψεγομένων.
2353 2524 2601 2612 Inspice
2648 2522 2863 2590 locum

479 2645 544 2707 et
587 2641 643 2705 si
689 2644 980 2705 accurate
1019 2637 1386 2723 expenderis
1407 2683 1423 2713 ,
1466 2636 1715 2702 videbis
1757 2636 2181 2700 mutationem
2222 2632 2408 2719 plane
2446 2632 2865 2697 necessariam

479 2766 645 2821 esse,
708 2765 790 2810 ne
847 2743 1089 2809 multas
1151 2744 1348 2809 fuisse
1416 2741 1681 2828 Spartae
1756 2763 1867 2807 rex
1913 2741 2183 2823 dixerit,
2234 2759 2393 2825 quae
2440 2741 2507 2803 in
2556 2757 2630 2804 ea
2676 2737 2865 2802 domo

477 2851 898 2936 peperissent,
977 2851 1044 2914 in
1113 2869 1238 2934 qua
1306 2868 1430 2914 non
1504 2851 1954 2934 concepissent.
2050 2843 2339 2912 Concedo
2408 2865 2533 2910 non
2605 2841 2861 2908 Liviam

477 2956 679 3023 solam
725 2955 844 3021 hoc
893 2957 1145 3030 fecisse,
1193 2954 1301 3021 sed
1349 2954 1590 3021 multos
1636 2975 1761 3021 non
1808 2955 2003 3020 fuisse
2050 2953 2321 3018 arbitror
2361 2955 2495 3016 tam
2534 2950 2750 3014 beatos
2792 2953 2869 3012 ut

476 3063 742 3142 τρίμηνοι
808 3061 1029 3126 παιδίω
1091 3060 1416 3127 haberent.
1501 3059 1597 3127 De
1661 3062 1743 3126 iis
1805 3081 1965 3145 quae
2028 3061 2253 3126 statim
2312 3061 2670 3142 sequuntur
2716 3075 2867 3120 cum

480 3189 632 3236 cura
681 3169 786 3256 egi
839 3169 1062 3232 Mnem.
1114 3164 1208 3232 IV
1254 3166 1366 3232 20.

570 3417 776 3480 Notus
821 3412 998 3478 locus
1049 3417 1146 3479 est
1191 3410 1288 3478 VI
1339 3409 1504 3477 109:
1555 3417 1672 3476 τῶν
1709 3409 1822 3488 μὲν
1862 3413 1969 3476 οὐκ
2012 3411 2236 3474 ἐώντων
2273 3407 2674 3484 συμβαλεῖν,
2717 3410 2865 3469 τῶν

479 3520 558 3584 δὲ
622 3517 726 3584 καὶ
777 3517 1138 3584 Μιλτιάδεω
1187 3515 1572 3584 κελευόντων.
1645 3515 1975 3582 Miltiades
2025 3519 2160 3602 ipse
2204 3515 2331 3580 fuit
2378 3513 2453 3578 de
2502 3517 2869 3597 praetorum

479 3645 746 3691 numero
761 3645 778 3704 3
830 3625 980 3690 hinc
1024 3623 1228 3690 malo:
1279 3629 1426 3690 τῶν
1474 3624 1552 3689 δὲ
1601 3627 1630 3688 ἒ
1645 3648 1672 3687 ν
1725 3622 1760 3687 δ
1776 3623 1803 3688 ὲ
1851 3622 1983 3689 καὶ
2025 3619 2411 3688 Μιλτιάδεω.
2478 3616 2699 3684 Simili
2738 3636 2870 3684 cor·

479 3733 756 3797 rectione
820 3736 968 3797 utar
1031 3729 1150 3796 VII
1211 3729 1312 3795 10.
1386 3730 1592 3796 Verba
1637 3735 1787 3795 sunt
1832 3729 2141 3795 Artabani
2188 3727 2268 3793 ad
2312 3723 2762 3792 Mardonium:
2814 3723 2869 3787 οἱ

480 3837 570 3902 σοὶ
622 3841 830 3902 ταῦτα
881 3836 1286 3921 πασχόντων,
1336 3839 1476 3904 σὺν
1523 3835 1586 3902 δέ
1634 3841 1751 3916 σφι
1803 3835 1907 3900 καὶ
1958 3834 2073 3920 σύ,
2124 3833 2193 3910 ἣν
2234 3830 2631 3914 invectione.
2696 3827 2871 3894 Diei·

480 3948 590 4010 tur
634 3945 753 4010 hoc
799 3946 924 4010 nisi
973 3943 1196 4030 fallor,
1247 3943 1276 4006 ἐ
1295 3970 1323 4008 ν
1374 3943 1438 4010 δέ
1486 3949 1600 4026 σφι
1649 3942 1754 4008 κω)
1804 3941 1903 4010 σύ.

571 4189 870 4258 Ridicula
934 4193 1004 4256 in
1062 4191 1281 4277 paucis
1345 4187 1751 4276 interpolatio
1795 4187 1955 4255 latet
1999 4185 2096 4253 VI
2145 4183 2311 4252 112:
2362 4183 2578 4265 πρῶτοι
2628 4179 2690 4246 δὲ
2732 4178 2871 4246 δινέ-

481 4321 706 4379 σχοντο
755 4295 987 4373 ἐσθῆτά
1041 4298 1188 4383 [τε]
1240 4294 1520 4370 Μηδικὴν
1568 4294 1831 4374 ὁρέοντες
1878 4292 2043 4377 [καὶ
2092 4294 2279 4366 τοὺς
2330 4290 2631 4371 ἄνδρας
2679 4286 2870 4355 τωύ-

481 4429 622 4477 την
681 4403 1224 4488 ἐσθημένους].
1295 4402 1421 4467 His
1469 4400 1694 4466 deletis
1740 4421 1934 4485 quam
1980 4403 2149 4465 recte
2197 4401 2494 4465 continuo
2544 4396 2867 4481 sequitur:

479 4510 631 4581 τέως
678 4511 740 4575 δὲ
790 4507 858 4584 ἦν
906 4517 1062 4575 τοῖσι
1116 4507 1388 4582 Ἕλλησι
1427 4508 1533 4572 καὶ
1574 4512 1645 4572 τὸ
1689 4507 1915 4586 οὔνομα
1957 4507 2027 4572 τὸ
2071 4504 2297 4582 Μήδων
2335 4503 2534 4587 Φόβος
2578 4503 2863 4567 ἀκοῦσαι.
