3436 5161
1421 393 1817 444 nummo-rus.
2731 375 2819 448 5¹7

431 565 550 628 est.
620 560 845 646 Itaque
892 561 1131 626 Arselis
1177 565 1288 648 qui
1335 558 1517 649 Gygi
1565 561 1809 628 auxilio
1845 567 2105 628 venerat
2128 612 2145 647 ,
2185 583 2309 629 non
2350 563 2677 647 superavit
2716 559 2820 626 τόν
2944 645 2959 656 ·

431 692 503 732 τε
565 666 932 741 Κανδαύλην
997 666 1102 731 καὶ
1167 667 1268 732 τὸν
1333 669 1596 745 ἑταῖρον,
1662 669 1774 733 sed
1836 667 1939 731 τόν
2006 693 2075 734 τε
2143 668 2505 744 Κανδαύλην
2554 669 2659 733 καὶ
2715 666 2821 732 τὸν

435 798 513 855 ςρ
531 799 570 838 α
586 799 622 836 τ
637 774 669 838 ὁ
684 801 733 840 ν.
759 773 1030 839 Videsne
1042 775 1442 839 correctionis
1454 771 1817 840 lenitatem?
1843 775 2125 860 (ETAIP
2134 783 2254 840 ΟΝ
2270 812 2334 822 —
2352 781 2816 854 ΣΤΡΑΤΟΝ).

522 988 578 1054 Ι.
644 988 716 1052 8:
783 984 927 1064 ἅμα
993 987 1053 1051 δὲ
1116 987 1307 1051 κιθῶνι
1371 984 1819 1067 ἐκδυομένῳ
1884 985 2277 1054 συνεκδύεται
2344 987 2450 1068 καὶ
2513 985 2623 1059 τὴν
2672 984 2820 1052 αἰδῶ

433 1094 611 1172 γυνή.
681 1093 900 1158 Placet
945 1091 1412 1168 ἔκδυομένη.

521 1200 719 1266 Recte
778 1199 1022 1285 legitur
1083 1197 1114 1262 I
1181 1196 1300 1262 13:
1367 1199 1577 1264 ἀνεῖλε
1642 1198 1713 1272 δὴ
1778 1198 1847 1262 τὸ
1914 1199 2235 1280 xpm-mnan
2288 1198 2393 1262 καὶ
2443 1197 2821 1277 ἐβασίλευσε

432 1303 586 1372 οὕτω
628 1304 868 1382 Γύγης,
923 1303 1033 1369 sed
1081 1303 1249 1389 quod
1299 1304 1587 1369 additur:
1637 1303 1878 1370 τοσόνδε
1930 1304 2133 1384 μέντοι
2186 1300 2369 1370 εἶπε
2417 1307 2451 1380 ἡ
2501 1304 2695 1378 Πυθίη
2744 1305 2821 1375 ὦς

433 1409 858 1490 Ἡρακλείδῃσι
922 1409 1079 1480 τίσις
1148 1407 1313 1493 ἥξει,
1379 1409 1557 1496 lego:
1630 1411 1949 1476 ἐπεῖπε.
2046 1409 2154 1476 Sic
2215 1410 2377 1477 solet
2422 1408 2821 1493 HerodotUS,

434 1515 582 1583 vide
627 1515 816 1582 modo
863 1515 896 1580 I
945 1514 1110 1599 123,
1159 1513 1329 1598 214,
1379 1513 1448 1578 ΙΙ
1498 1515 1616 1593 35,
1667 1513 1764 1580 IV
1814 1513 1937 1594 65,
1987 1515 2168 1582 alibi.

524 1728 619 1795 De
681 1728 920 1794 Arione
979 1727 1260 1816 legimus
1325 1728 1361 1792 Ι
1425 1725 1545 1792 24:
1614 1733 1825 1794 τοῦτον
1885 1727 1987 1793 τὸν
2051 1729 2294 1806 Ἀρίονα
2356 1727 2609 1806 λέγουσι
2634 1777 2650 1802 ,
2722 1729 2825 1794 τὸν

435 1835 662 1900 πολλὸν
728 1839 833 1899 τοῦ
897 1834 1112 1917 χρόνου
1177 1833 1576 1912 διατρίβοντα
1640 1835 1814 1914 παρὰ
1878 1834 2249 1914 Περίανδρῳ,
2305 1835 2821 1910 ἐπιθυμῆσαι

434 1944 680 2006 πλῶσαι
731 1943 789 2012 ἐς
837 1941 1130 2012 Ἰταλίην.
1204 1939 1427 2006 Nonne
1473 1949 2010 2025 supervacaneum
2058 1947 2157 2007 est
2200 1940 2468 2006 verbum
2520 1941 2823 2018 ἐπιθυμῆ-

433 2044 582 2114 σαιῗ
652 2045 914 2112 Rectius
974 2066 1087 2132 pro
1149 2048 1400 2118 θελῆσαι
1467 2045 1788 2132 legeretur
1850 2045 2229 2122 ἐπιθυμῆσαι
2276 2048 2343 2109 in
2392 2046 2605 2113 verbis
2660 2065 2821 2129 quae

435 2155 737 2220 continuo
795 2152 1250 2236 insequuntur:
1318 2149 1743 2230 ἐργασάμενον
1792 2150 1868 2232 ,δὲ
1923 2153 2234 2233 χρήματα
2280 2153 2547 2229 μεγάλα
2595 2153 2818 2226 θελῆ-

437 2283 572 2324 σαι
623 2257 810 2322 ὀπίσω
860 2258 920 2326 ἐς
967 2256 1232 2334 Κόρινθον
1281 2254 1639 2336 ἀφικέσθαι.
1707 2254 1833 2321 Sed
1883 2257 2049 2321 unde
2091 2259 2324 2321 vitium
2364 2253 2637 2320 natum?
2676 2255 2824 2334 Nisi

432 2363 656 2442 fallor,
715 2382 919 2447 neque
976 2362 1348 2436 ἐπιθυμῆσαι
1412 2381 1618 2446 neque
1681 2362 1933 2436 θελῆσαι
2006 2365 2273 2447 scriptor
2342 2359 2601 2425 dederat
2624 2411 2641 2434 ,
2714 2361 2823 2425 sed

435 2470 676 2556 ἰθῦσαι,
736 2469 930 2535 sicuti
990 2467 1290 2535 scribitur
1352 2465 1385 2531 1
1447 2464 1615 2531 204:
1682 2463 1789 2550 ὅκῃ
1846 2466 1974 2546 γὰρ
2038 2465 2345 2532 ἰθύσειε
2392 2466 2818 2546 ςρατεύεσθαι.

433 2572 628 2641 Haud
690 2577 779 2642 ite
839 2592 980 2639 raro
1027 2572 1195 2658 apud
1241 2571 1641 2639 Herodotum
1689 2572 2007 2639 vocabule
2050 2571 2261 2639 Ionica
2307 2577 2701 2639 evanuerunt
2761 2577 2826 2637 et

433 2685 754 2744 cesserunt
799 2680 1126 2745 communi
1173 2682 1462 2744 omnium
1510 2676 1803 2745 dialectO.

524 2889 826 2975 Sequitur
886 2893 954 2955 in
1014 2889 1234 2955 eodem
1296 2892 1502 2975 capite
1565 2890 1642 2955 de
1689 2890 2030 2956 Periandro
2078 2910 2227 2955 eum
2280 2894 2505 2956 nautas
2552 2891 2817 2957 interro-

431 2999 685 3083 gavisse
742 2995 801 3060 εί
859 3020 919 3061 τι
983 2994 1320 3074 λέγοιεν
1383 2996 1516 3076 περὶ
1587 2994 1883 3075 ’Δρίονος,
1948 2997 2061 3061 ubi
2122 2997 2441 3080 praefero:
2495 2996 2553 3061 εί
2599 3020 2659 3061 τι
2707 2995 2820 3062 λέ-

431 3127 476 3180 y
499 3126 615 3167 ειν
679 3102 897 3183 ἔχοιεν.
983 3102 1126 3168 Non
1187 3108 1284 3167 est
1338 3120 1560 3186 operae
1609 3104 1887 3186 pretium
1932 3123 2008 3168 ex
2056 3101 2381 3167 Herodoto
2427 3102 2598 3168 locos
2649 3104 2822 3168 exci-

432 3217 566 3275 tare
587 3256 602 3284 ,
648 3209 756 3275 ubi
795 3208 1008 3273 simile
1049 3207 1200 3292 quid
1241 3206 1511 3293 legitur3
1557 3213 1837 3291 praestet
1875 3207 2137 3273 fortasse
2176 3209 2333 3274 duos
2368 3208 2539 3274 locos
2562 3207 2779 3273 afferre
2804 3256 2821 3291 ,

430 3318 541 3401 qui
605 3314 906 3379 similiter
951 3313 1158 3379 affecti
1213 3319 1383 3378 sunt.
1445 3315 1634 3399 Apud
1683 3311 2102 3378 Plutarchum
2152 3321 2245 3380 est
2291 3317 2360 3378 in
2408 3317 2543 3379 vita
2589 3313 2821 3379 Thesei

430 3443 482 3485 c.
537 3419 658 3485 33:
707 3420 870 3485 οὐδὲν
921 3420 1048 3498 γὰρ
1093 3418 1355 3497 ἠξίωσαν
1395 3420 1544 3484 ἀλλ’
1590 3418 1623 3495 ἢ
1665 3421 1966 3497 μυηθῆναι
2008 3419 2193 3496 μηδὲν
2234 3418 2411 3496 ἦττον
2449 3418 2820 3500 Ἡρακλέους

429 3537 508 3609 τῇ
570 3528 748 3591 πόλει
810 3525 1409 3608 προσήκοντες,
1474 3526 1588 3591 ubi
1651 3525 1823 3592 malo
1886 3528 2325 3606 προσήκειν
2397 3526 2821 3605 λέγοντες.

429 3632 663 3698 Itidem
726 3632 894 3716 apud
953 3630 1328 3697 Strabonem
1394 3631 1464 3696 II
1513 3654 1576 3718 p.
1629 3630 1712 3705 79
1764 3628 1946 3697 Ossa
1999 3632 2176 3696 ἄλλα
2225 3638 2381 3713 φησι
2428 3632 2498 3696 τὸ
2546 3634 2690 3712 πρὸς
2743 3641 2821 3713 τῇ

425 3738 732 3821 Ἀρμενίᾳ
753 3738 929 3817 μέρος
955 3738 1042 3815 μὴ
1089 3734 1318 3819 ἔχειν
1356 3737 1539 3802 πόσον
1568 3737 1661 3804 ec!
1685 3784 1700 3815 ,
1745 3736 1856 3801 ubi
1879 3738 2179 3801 conficio:
2232 3734 2470 3819 ἔχειν
2515 3736 2819 3814 λέγειν.

523 3948 769 4018 Ibidem
831 3948 1113 4033 legimus
1175 3947 1443 4015 Taenari
1508 3969 1644 4015 esse
1695 3946 1958 4013 Arionis
2006 3945 2423 4037 simulacrum
2448 3996 2465 4029 ,
2516 3946 2821 4031 conspici-

429 4060 538 4121 tur
599 4056 724 4137 ibi,
783 4055 1031 4139 inquit,
1082 4053 1182 4118 ἐπὶ
1233 4055 1517 4133 δελφῖνος
1567 4054 1820 4118 ἐπεὼν
1867 4054 2191 4134 ἄνθρωπος.
2262 4051 2423 4129 Quis
2470 4052 2563 4117 ita
2610 4050 2820 4137 loqui-

428 4156 578 4226 tur?
663 4158 1050 4225 Feremusne
1115 4160 1300 4225 ἐπεὼν
1365 4180 1478 4244 pro
1526 4158 2009 4236 ἕπικαθήμενοςῗ
2080 4159 2226 4225 Non
2274 4159 2462 4223 ἐπεὼν
2514 4156 2622 4223 sed
2672 4158 2819 4222 ἐπε-

428 4266 580 4338 ςεώς
643 4270 810 4329 recte
875 4262 1114 4351 legitur
1179 4263 1274 4327 IX
1322 4263 1462 4329 815
1495 4265 1522 4329 ὃ
1571 4264 1814 4345 τρίπους
1866 4266 1893 4330 ὃ
1944 4265 2042 4329 ἐπὶ
2096 4268 2202 4329 τοῦ
2251 4265 2599 4344 τρικαρήνου
2644 4261 2817 4345 ὄφιος

428 4370 715 4442 ἐπεςεώς.
781 4367 1146 4456 Reponam:
1205 4370 1304 4433 ἐπὶ
1355 4369 1636 4451 δελφῖνος
1686 4370 2001 4436 ἱππεύω
2024 4396 2053 4435 ν
2098 4369 2422 4449 ἄνθρωπος.
2493 4369 2654 4435 Vide
2698 4370 2819 4435 hoo

425 4475 696 4543 verbum
764 4474 1042 4539 ἱππεύειν
1103 4474 1273 4563 apud
1343 4474 1823 4565 Xenophontem
1888 4476 2115 4566 Ephes.
2174 4497 2233 4565 p.
2287 4474 2439 4543 336.
2488 4474 2611 4543 26:
2660 4474 2814 4541 παί-
