3436 5161
1245 396 1519 445 navius
1564 396 1898 447 insumus.
2633 373 2764 441 377

476 560 645 627 Vere
689 566 1041 650 auguratus
1088 565 1184 628 est
1227 565 1494 647 scriptor
1540 560 1762 648 Antiq.
1813 558 1918 627 16.
1957 558 2019 626 6.
2057 558 2136 627 8:
2175 558 2504 638 μέλλουσιν
2545 560 2612 625 αἱ
2651 564 2766 623 τῶν

385 668 689 749 ἡμετέρων
734 668 1009 747 πράξεων
1054 670 1427 750 ἀναγραφαὶ
1460 668 1565 733 ’τὸ
1615 666 1859 734 πλέον
1905 668 1990 740 εἰς
2042 669 2182 739 τοὺς
2225 668 2540 740 Ἕλληνας
2590 664 2764 732 ἴέναι.

382 772 483 841 Ita
530 782 661 840 est:
706 770 746 837 J
751 776 935 841 udaei
984 774 1285 843 Flavium
1330 774 1367 839 J
1372 774 1680 861 osephum
1727 783 2031 861 perpetuo
2073 774 2510 862 neglexerunt.

473 970 949 1060 Antiq.16.'7.
997 974 1071 1039 1:
1118 973 1421 1041 Nicolaus
1468 972 1899 1039 Damascenus
1937 972 2050 1054 ζῶν
2102 973 2162 1038 ἐν
2201 982 2280 1055 τῇ
2319 972 2621 1057 βασιλείᾳ
2661 971 2766 1038 καὶ

384 1078 493 1144 σὺν
554 1081 723 1162 αὐτῷ
788 1080 1243 1162 κεχαρισμένως
1304 1081 1505 1163 ἐκείνῳ
1553 1080 1656 1146 κα)
1706 1081 1843 1146 καθ
1893 1080 2220 1162 ὑπηρεσίαν
2270 1076 2767 1162 ἀνέγραφεν.

384 1182 635 1254 Scribe:
684 1187 1144 1270 γέγραφεν.

468 1368 781 1437 Pheroras
840 1366 1289 1437 mulierculam
1352 1370 1671 1455 quandam
1731 1368 2091 1455 deperibat,
2148 1371 2369 1455 Antiq.
2422 1366 2526 1433 16.
2575 1365 2637 1434 7.
2689 1367 2729 1432 3
2751 1429 2778 1471 ,

380 1472 496 1544 ὅτε
558 1476 727 1557 αὐτῷ
791 1477 897 1541 καὶ
960 1483 1071 1551 τῆς
1134 1481 1242 1541 τοῦ
1291 1474 1604 1553 βασιλέως
1656 1476 2061 1554 ἐγγυηθείσης
2113 1476 2450 1555 θυγατρός,
2501 1478 2608 1549 την
2659 1476 2772 1553 μὲν

384 1582 891 1665 ὑπερηφανῆσαι,
959 1583 1103 1663 πρὸς
1167 1582 1228 1647 δὲ
1290 1591 1367 1663 τῇ
1431 1581 1615 1658 δούλη
1680 1584 1784 1648 τὸν
1847 1588 1978 1646 νοῦν
2027 1576 2284 1663 εἶχεν.
2359 1580 2773 1647 scribendum

381 1695 597 1755 autem
662 1688 841 1772 ἔχει
864 1714 913 1755 ν.
984 1688 1139 1755 Post
1182 1708 1333 1755 vero
1380 1688 1667 1754 Herodes
1715 1688 1848 1769 περὶ
1900 1694 2016 1753 τῶν
2073 1689 2395 1768 πρώτων
2447 1692 2661 1770 ᾐτιᾶτο
2711 1694 2776 1753 et

380 1792 690 1861 Pheroras
751 1797 933 1863 fratri
996 1816 1237 1862 morem
1304 1798 1543 1883 gessit,
1606 1794 1720 1860 sed
1781 1798 2052 1883 triginta
2114 1795 2338 1861 diebus
2383 1797 2777 1881 interpositis

382 1900 576 1967 πάλιν
635 1904 889 1968 διετέλει
952 1901 1054 1967 ἐπὶ
1121 1912 1197 1984 τῇ
1260 1901 1489 1984 πρώτῃ.
1560 1900 1797 1986 Ecquis
1859 1903 2244 1969 contradicet
2305 1904 2564 1969 fratrem
2623 1925 2769 1969 cum

380 2008 575 2077 fratre
636 2014 841 2100 egisse
902 2011 1033 2091 περὶ
1099 2016 1217 2075 τῶν
1282 2009 1580 2089 ἐρώτων
1602 2056 1619 2089 ,
1683 2031 1838 2077 mox
1901 2016 2117 2077 tamen
2164 2010 2510 2078 Pheroram
2558 2032 2774 2077 amore

382 2119 699 2203 percitum
760 2118 947 2206 gravi
1010 2116 1365 2183 διατελέσαι
1418 2115 1516 2181 ἐπὶ
1563 2126 1641 2199 τῇ
1690 2116 1720 2181 ἐ
1735 2140 1765 2197 ρ
1784 2143 1827 2184 ω
1843 2116 1990 2196 μέν
2013 2141 2063 2199 ῃ.
2136 2115 2242 2184 Sic
2287 2141 2514 2183 amores
2559 2116 2770 2198 ἔρωτες

383 2220 685 2289 dicuntur
744 2225 961 2309 Autiq.
1016 2222 1119 2291 17.
1170 2224 1232 2287 4.
1288 2223 1512 2289 ιειπὶ
1564 2223 1954 2305 προσποίησιν
2003 2223 2230 2303 ἐρώτων
2281 2234 2346 2290 et
2391 2226 2610 2310 Antiq.
2665 2222 2770 2293 17.

390 2326 489 2395 13.
540 2332 618 2394 4.
680 2329 836 2412 ληθη
896 2329 1250 2412 παρεδίδους
1312 2330 1543 2412 ἔρωτας
1604 2329 1747 2402 τοὺς
1802 2330 1983 2409 ἐμοὺς
2033 2334 2098 2395 et
2147 2332 2366 2415 Antiq.
2422 2328 2527 2396 19.
2575 2331 2642 2396 2.
2692 2332 2771 2395 4.

381 2433 607 2515 ipe-ivor
653 2435 1031 2516 ἑπαγωγάς.

472 2615 664 2685 Soror
728 2639 977 2705 quoque
1044 2623 1215 2709 regis
1280 2618 1553 2688 Herodis
1616 2617 1874 2686 Salome
1939 2618 2064 2683 fuit
2124 2618 2453 2704 impudica
2513 2620 2767 2688 mulier.

380 2721 582 2811 Oapts
641 2735 775 2792 erat
838 2747 1053 2792 amore
1098 2724 1343 2814 Syllaei
1391 2727 1617 2792 Arabis
1636 2773 1654 2804 ,
1704 2729 1817 2812 qui
1861 2726 2114 2812 leg-atus
2159 2724 2616 2814 Hierosolyma
2657 2749 2768 2796 ve-

378 2839 575 2896 nerat.
656 2839 821 2904 Ταῖς
894 2856 964 2899 τε
1026 2830 1348 2911 μεταξὺ
1405 2837 1753 2915 φοιτώντων
1819 2833 1917 2899 ἐπὶ
1985 2831 2055 2896 τὸ
2118 2833 2353 2896 δεῖπνον
2417 2834 2766 2914 ἐνεφαίνετο

380 2938 573 3002 πλείω
620 2961 689 3003 τε
740 2939 843 3004 καὶ
891 2943 979 3018 μὴ
1028 2940 1327 3019 μέτρια
1375 2947 1487 3014 τῆς
1540 2941 1775 3006 ἐκείνων
1826 2940 2186 3017 ὅμολογίας.
2253 2937 2404 3004 Siue
2451 2961 2638 3006 sensu
2675 2945 2767 3008 ita

377 3041 621 3121 editur,
686 3065 833 3111 nam
899 3050 969 3111 τὸ
1023 3045 1471 3123 ὀμοιοτέλευτον
1516 3046 1667 3112 fecit
1713 3049 1790 3112 ut
1838 3047 1963 3112 duo
2007 3044 2319 3114 vocabula
2365 3047 2756 3126 exciderent:

378 3150 863 3237 corrigendum:
911 3159 1055 3226 ταῖς
1101 3176 1173 3216 τε
1220 3151 1618 3240 (γυναιξὶ)
1665 3153 1911 3232 μεταξὺ
1964 3155 2309 3232 φοιτώντων
2353 3153 2450 3218 ἐπὶ
2493 3157 2562 3219 τὸ
2598 3156 2768 3220 δεῒπ·

379 3279 472 3320 νον
520 3255 875 3337 ἐνεφαίνετο
920 3259 1111 3324 πλείω
1158 3283 1229 3323 τε
1277 3259 1381 3324 καὶ
1430 3260 1517 3335 μὴ
1564 3257 1788 3337 μέτρια
1840 3260 2338 3347 (τεκμήρια),
2387 3261 2511 3326 κτὲ.
2569 3261 2768 3328 Vides

377 3381 545 3428 nune
604 3369 773 3429 recte
830 3367 1043 3449 sequi:
1106 3369 1316 3430 ταῦτα
1379 3364 1442 3430 δὲ
1506 3367 1571 3430 αι’
1636 3373 1928 3444 γυναῖκες
1985 3365 2278 3446 ἀνέφερον
2340 3367 2424 3447 τῷ
2481 3365 2763 3446 βασιλεῖ.

377 3467 495 3534 Est
554 3477 723 3536 certe
781 3471 1199 3556 improbanda
1242 3473 1405 3538 ratio
1454 3475 1819 3538 criticorum
1838 3519 1856 3550 ,
1909 3474 2021 3558 qui
2068 3472 2449 3559 simplicitet
2498 3479 2768 3561 rescrip-

375 3582 593 3643 serunt
636 3585 763 3650 τοῖς
810 3601 881 3642 τε
926 3577 1175 3658 μεταξύ
1193 3626 1211 3657 ,
1262 3577 1440 3664 quasi
1487 3579 1605 3646 hoc
1650 3578 1840 3646 modo
1888 3574 2238 3667 quidquam
2287 3579 2671 3666 proficiatur.

466 3777 683 3862 Antiq.
752 3774 854 3841 16.
916 3774 981 3844 8.
1035 3779 1074 3842 r
1132 3763 1493 3844 calumniae
1550 3776 1754 3844 factae
1815 3782 1969 3843 sunt
2029 3777 2389 3844 Alexandro
2451 3775 2762 3844 Mariam-

376 3902 513 3948 mes
575 3880 708 3949 filio
769 3883 937 3969 quod
984 3887 1284 3951 suasisset
1329 3886 1556 3951 amicis
1605 3885 1867 3966 Ἡρώδην
1914 3885 2029 3963 μὲν
2075 3883 2503 3962 ἀπεγνωκέναι
2553 3906 2763 3965 περιτ-

377 3987 479 4052 τὸν
540 3988 649 4064 ἤδη
712 4013 904 4054 τετυ
917 3987 1130 4070 χζηκδ
1144 4014 1243 4057 τα
1307 3992 1410 4057 καὶ
1476 3993 1560 4072 τῷ
1626 3992 1793 4075 γήρᾳ
1851 3993 2344 4071 παρακάλυμμα
2392 3994 2500 4055 τοῦ
2545 3991 2764 4072 χρόνου

377 4095 760 4176 ποιούμενον,
820 4099 949 4162 κτὲ.
1021 4099 1122 4164 Ad
1176 4119 1311 4164 rem
1377 4097 1645 4164 conferri
1712 4100 1946 4183 poterit
1998 4097 2156 4165 Bell.
2209 4096 2362 4164 Jud.
2415 4099 2471 4163 1.
2521 4096 2628 4164 24.
2685 4097 2758 4178 ¹7,

373 4199 487 4268 ubi
532 4201 758 4266 itidem
805 4202 1087 4292 legimus
1134 4202 1455 4271 Herodem
1501 4201 1837 4270 artificiose
1885 4202 2322 4270 dissimulasse
2367 4211 2642 4270 aetatem
2697 4216 2765 4272 et

372 4306 610 4374 celasse
656 4311 995 4387 canitiem3
1042 4309 1151 4377 sed
1196 4311 1350 4396 quid
1396 4317 1494 4378 est
1536 4307 1980 4391 ‘te‘rvxnxd'ra‘l
2035 4313 2138 4379 An
2183 4333 2337 4390 γεγ
2361 4336 2394 4387 η
2410 4309 2604 4390 pand
2618 4307 2764 4377 va?

468 4504 785 4574 Pervelim
846 4510 1009 4575 scire
1055 4509 1371 4596 quomodo
1419 4507 1691 4576 editores
1735 4509 2090 4596 acceperint
2136 4510 2353 4595 Antiq.
2411 4507 2514 4573 16.
2563 4506 2628 4574 8.
2677 4505 2718 4574 3
2739 4554 2760 4586 ,
