3436 5161
1339 350 1656 402 nomus.
2494 325 2499 334 ’
2551 333 2679 400 425

311 521 584 587 formam
652 519 832 584 illam
905 516 1165 586 dubiam'
1243 521 1386 595 ἡμῖν
1449 525 1560 586 aut
1628 519 1907 604 primum
1974 517 2197 602 pedem
2264 516 2511 603 explere
2574 524 2687 584 aut

313 634 630 713 quartum.
705 625 883 706 Quod
932 646 1054 710 quo
1103 623 1328 690 ducere
1381 624 1671 690 videatur
1717 645 1867 689 mox
1914 645 2255 710 exponam,
2302 645 2447 690 cum
2487 627 2681 692 etiam

315 734 392 800 de
440 735 580 812 ὑμῖν
625 741 690 799 et
734 733 946 816 σφίσιν
994 733 1237 798 dietum
1287 725 1499 796 fuerit.
1570 729 1666 796 De
1707 731 1810 796 his
1855 730 2059 818 igitur
2104 734 2281 816 prius
2327 731 2680 800 videamus.

405 946 749 1014 'I'rochaica
793 947 997 1014 forma
1043 946 1293 1033 ὕμμι(ν)
1339 946 1580 1034 legitur
1623 944 1781 1011 locis
1830 943 1912 1011 17
1932 995 1951 1031 ,
2000 952 2066 1011 et
2111 944 2339 1011 elisum
2386 944 2551 1024 ὔμμ’
2592 945 2683 1013 10·

315 1057 406 1121 cis
453 1053 528 1132 8,
579 1074 736 1140 quos
779 1055 1056 1120 indicare
1101 1053 1491 1138 supersedeo.

407 1159 820 1246 Spondaicam
868 1151 1137 1226 formam
1189 1159 1330 1236 ὑμῖν
1378 1161 1741 1224 invenimus
1787 1157 1943 1224 locis
1993 1155 2079 1222 32
2097 1206 2115 1243 ,
2164 1157 2273 1224 sed
2318 1179 2513 1244 paene
2550 1179 2685 1224 om-

313 1269 502 1333 nibus
563 1269 755 1332 etiam
815 1267 1009 1343 ὔμμιν
1056 1265 1266 1354 legere
1313 1261 1494 1338 licet,
1547 1285 1694 1331 cum
1745 1265 2155 1330 subiunctum
2202 1265 2287 1328 sit
2332 1269 2689 1330 constanter

314 1372 694 1440 vocabulum
733 1394 768 1460 a
801 1372 986 1438 litera
1023 1393 1288 1438 consona
1331 1373 1658 1456 incipiens.
1711 1370 1970 1436 Duobus
2003 1373 2215 1436 autem
2243 1368 2430 1447 locis,
2456 1391 2687 1456 nempe

318 1489 374 1544 Ψ
428 1479 556 1544 445
620 1486 684 1544 et
743 1503 792 1543 π
844 1477 974 1547 387
992 1528 1008 1556 ,
1077 1481 1144 1544 in
1200 1481 1324 1544 arsi
1374 1478 1548 1563 pedis
1599 1477 1858 1543 secundi
1903 1476 2142 1563 legitur
2186 1475 2435 1563 syllaba
2480 1475 2689 1542 finalis

322 1590 490 1653 vocis
529 1586 672 1664 ὑμῖν
709 1593 1006 1672 sequente
1047 1585 1289 1661 vocali3
1334 1585 1446 1650 sed
1495 1605 1643 1651 cum
1691 1585 1791 1649 vis
1837 1586 2003 1648 ictus
2039 1585 2105 1648 in
2145 1583 2263 1647 hac
2299 1603 2521 1648 versus
2545 1582 2691 1648 sede

316 1693 590 1759 sufficiat
666 1693 744 1759 ad
808 1694 1064 1759 brevem
1135 1691 1449 1780 syllabam
1518 1689 1979 1776 producendam
1999 1736 2016 1766 ,
2087 1689 2421 1774 utrobique
2494 1689 2689 1768 ὔμμιν

315 1801 570 1864 restitui
614 1805 840 1884 potest.
907 1798 1048 1864 Duo
1094 1798 1362 1884 denique
1413 1802 1769 1884 repugnant
1814 1795 1973 1862 loci:

410 1915 464 1971 H
514 1904 634 1970 32:
745 1906 888 1982 ὑμῖν
932 1905 1276 1996 ἆθανᾴτησι
1296 1955 1315 1980 ,
1365 1902 1749 1985 διαπραθέειν
1797 1901 1933 1968 τάδε
1980 1901 2206 1978 rato-w,
2250 1903 2360 1968 ubi
2400 1905 2467 1968 in
2490 1901 2689 1988 primo

835 2013 992 2100 pede
1037 2011 1280 2100 legitur
1325 2011 1496 2090 ὑμῖν,
1550 2017 1614 2076 et

409 2129 460 2186 K
511 2119 678 2186 445:
749 2120 812 2195 ἦὲ
858 2121 1000 2184 κατ’
1047 2115 1236 2184 αἶσαν
1285 2115 1504 2199 {reta-0¹3
1552 2118 1612 2182 ἐν
1661 2117 1837 2194 ὑμῖν,
1890 2117 1955 2192 ἠὲ
2002 2113 2106 2201 καὶ
2144 2114 2334 2206 cdxl„

317 2229 429 2315 qui
475 2248 692 2294 versus
737 2229 890 2294 satis
935 2224 1212 2294 elumbis
1257 2245 1478 2292 vocem
1531 2223 1672 2300 ὑμῖν
1709 2222 2083 2289 coUocatam
2122 2222 2315 2288 habet
2352 2227 2497 2288 ante
2522 2221 2691 2289 diae-

317 2335 482 2400 resin
520 2332 871 2400 bucolicam
893 2379 910 2410 ‚
962 2332 1130 2419 quod
1174 2335 1409 2398 iterum
1456 2329 1827 2396 notandum.

409 2440 551 2507 Duo
614 2443 827 2505 autem
883 2439 954 2504 hi
1023 2459 1238 2504 versus
1299 2437 1462 2503 nihil
1507 2436 1723 2502 valent
1767 2434 2045 2520 profecto
2092 2434 2171 2500 ad
2219 2435 2688 2524 infringendam

317 2546 531 2635 legem
579 2567 657 2613 ex
701 2544 1040 2632 permultis
1089 2543 1233 2610 aliis
1276 2543 1434 2610 locis
1480 2543 1930 2620 constitutam3
1984 2541 2268 2609 vidimus
2315 2546 2487 2611 enim
2533 2543 2691 2611 locis

325 2652 406 2720 17
429 2651 508 2732 ÷
533 2651 575 2718 8
597 2650 676 2731 ÷
703 2651 788 2717 34
812 2677 894 2703 =
920 2650 1002 2718 59
1053 2649 1366 2738 syllabam
1416 2651 1829 2735 posteriorem
1870 2649 2041 2715 vocis
2082 2649 2219 2727 ὕμιν
2260 2650 2516 2721 brevem
2556 2670 2691 2717 esse

316 2768 426 2828 aut
472 2782 608 2827 esse
651 2778 850 2846 posse.

409 2868 648 2955 Operae
705 2887 856 2934 vero
912 2868 1192 2952 pretium
1258 2867 1380 2931 erit
1439 2864 1786 2931 advertisse
1825 2866 1995 2951 ipsos
2040 2864 2237 2931 libros
2284 2864 2473 2932 MSS.
2522 2868 2689 2933 inter

320 2975 462 3053 ὑμῖν
509 2981 573 3041 et
617 2975 813 3052 ὔμμιν
857 2973 964 3039 hic
1007 2971 1144 3037 illic
1189 2972 1533 3048 haesitare,
1579 2992 1636 3037 e.
1660 2992 1726 3058 g.
1772 2970 1807 3035 δ
1859 2968 1965 3035 94.
2012 2970 2110 3037 Ex
2142 2991 2265 3056 qua
2290 2971 2689 3039 dubitatione

316 3081 653 3167 repetenda
697 3086 792 3146 est
837 3082 1017 3166 origo
1063 3079 1211 3145 vitii
1258 3096 1380 3162 quo
1425 3078 1797 3161 inquinatur
1841 3097 2061 3143 versus
2107 3086 2135 3141 1
2191 3076 2346 3143 121:

744 3186 886 3263 ὑμῖν
930 3184 984 3249 δ’
1031 3184 1093 3248 ἐν
1138 3182 1438 3249 πάντεσσι
1488 3184 1828 3264 περικλυτὰ
1877 3182 2005 3263 δῶρ’
2053 3184 2347 3260 ὀνομήνω,

317 3296 572 3360 omnino
620 3294 793 3357 enim
836 3290 1182 3377 legendum
1228 3295 1324 3355 est
1369 3288 1532 3369 ὔμμι
1582 3289 1646 3354 δέ
1694 3292 1751 3354 κ’
1800 3290 1862 3354 ἐν
1909 3288 2209 3355 πάντεσσι
2251 3314 2319 3355 π.
2348 3289 2400 3357 δ.
2428 3292 2500 3377 ὅ.,
2538 3298 2687 3359 noto

316 3420 438 3471 usu
483 3398 839 3481 homerico;
885 3396 1329 3463 subiunctivus
1359 3415 1522 3463 .vero
1569 3417 1757 3461 sensu
1800 3395 2003 3461 futuri
2040 3395 2210 3461 nude
2248 3398 2526 3483 positus,
2553 3400 2690 3465 siue

318 3529 386 3570 κε
409 3554 426 3583 ,
495 3524 798 3592 perquam
864 3510 1190 3589 suspectus
1251 3508 1378 3579 est,
1443 3523 1645 3587 neque
1691 3502 2066 3578 Larochius,
2118 3503 2398 3568 ubertim
2445 3504 2690 3590 dehoc

316 3612 453 3678 loco
495 3612 860 3697 disputans,
915 3609 1126 3675 ullum
1173 3630 1296 3696 quo
1343 3610 1674 3699 vulgatam
1724 3614 2007 3677 tueretur
2052 3609 2273 3675 attulit
2316 3611 2683 3699 exemplum

315 3718 612 3784 idoneum
629 3767 646 3795 ,
706 3719 827 3792 etsi
875 3716 1228 3802 complures
1275 3719 1430 3781 citat
1475 3716 1642 3781 locos
1689 3737 1845 3801 quos
1889 3722 2101 3781 nostro
2149 3715 2507 3782 consimiles
2553 3733 2686 3783 esse

318 3825 508 3904 dicit,
574 3844 794 3891 revera
853 3828 1069 3889 tamen
1131 3822 1617 3889 dissimillimos.
1704 3822 1895 3889 Levis
1958 3829 2174 3890 autem
2236 3830 2331 3889 est
2388 3827 2687 3891 correctio
2736 3818 2741 3827 '

317 3952 510 4017 quam
555 3932 854 4018 proposui
869 3976 886 4008 ‚
944 3934 1006 3996 et
1054 3928 1206 3995 licet
1253 3949 1392 3995 eam
1435 3928 1721 3995 stabilire
1740 3976 1757 4008 ‚
1806 3931 1862 3995 si
1908 3950 2066 4015 opus
2111 3934 2241 4007 est,
2288 3950 2478 3997 versu
2524 3932 2691 3997 eius-

316 4038 460 4103 dem
505 4037 656 4103 libri
701 4035 871 4102 262:

410 4145 459 4209 εἷ
510 4143 600 4221 δὲ,
669 4144 750 4221 σὺ
795 4143 909 4222 μέν
954 4147 1057 4222 με’
1105 4146 1280 4229 (μευ)
1325 4141 1616 4221 ἄκουσον,
1668 4144 1787 4222 ἐγὼ
1837 4143 1901 4209 δέ
1949 4144 2031 4209 κέ
2081 4168 2171 4209 τοι
2220 4144 2678 4226 καταλέξω.

406 4357 478 4427 In
547 4358 787 4445 primae
833 4361 1036 4447 igitur
1087 4379 1385 4445 personae
1434 4360 1648 4425 dativo
1694 4358 1929 4445 plurali
1976 4360 2269 4427 videmus
2314 4381 2509 4427 unam
2555 4361 2683 4427 for-

319 4486 492 4533 mam
543 4465 922 4531 trochaicam
969 4467 1314 4552 genuinam
1364 4486 1496 4533 esse
1515 4512 1532 4545 ,
1589 4468 1645 4531 si
1696 4467 2117 4550 paucissimos
2154 4468 2506 4553 excipimus
2544 4488 2686 4535 ver-
