3436 5161
663 359 796 428 312
1635 377 1895 427 osssms
1940 377 2070 426 mo,

661 543 978 608 exstitisse
1025 539 1300 622 multos,
1347 541 1458 625 qui
1503 560 1889 629 magnopere
1936 561 2083 607 eum
2132 543 2604 627 vituperarent,
2652 549 2725 607 ut
2750 545 2863 629 qui
2888 542 3051 608 falsa

659 647 831 714 veris
887 648 1218 731 misceret,
1277 647 1568 712 homines
1631 653 1697 713 et
1760 655 2050 733 tempora
2094 667 2219 714 non
2268 651 2425 714 satis
2471 649 2899 737 distingueret
2916 695 2933 727 ‚
2980 651 3053 713 in

662 754 854 839 nugis
911 751 1180 838 denique
1241 757 1306 818 et
1367 752 1620 818 fabellis
1681 753 1959 820 anilibus
2020 753 2381 820 enarrandis
2448 753 2595 839 plus
2653 775 2853 840 aequo
2924 755 3055 820 sibi

661 855 1059 945 indulgeret,
1121 859 1230 924 sed
1289 861 1422 924 iam
1487 858 1680 946 longa
1740 859 1877 926 dies
1940 859 2209 926 meliora
2269 860 2485 925 docuit
2532 865 2598 926 et
2643 858 3051 926 intellectum

663 968 758 1030 est
804 966 872 1028 in
919 962 1147 1028 multis
1191 964 1650 1050 vituperatores
1698 985 1935 1031 errasse
1955 1014 1975 1048 ‚
2018 986 2143 1031 non
2195 965 2465 1032 Dionem
2484 1015 2502 1050 ,
2546 972 2660 1031 aut
2698 967 2813 1031 ubi
2850 986 3051 1032 erras·

660 1080 758 1135 set
815 1073 1015 1135 socios
1072 1090 1356 1135 errorum
1404 1071 1702 1136 habuisse
1750 1071 1993 1136 multos
2011 1117 2029 1149 ,
2083 1074 2591 1157 superstitiosam
2641 1076 2859 1138 autem
2910 1092 3049 1137 cre-

663 1176 1002 1241 dulitatem
1023 1221 1040 1254 ,
1105 1196 1232 1262 qua
1288 1177 1560 1242 minime
1621 1183 1791 1243 caret
1810 1223 1827 1254 ,
1890 1178 2227 1243 hominum
2292 1180 2504 1266 magis
2562 1183 2629 1243 et
2680 1183 3049 1264 temporum

659 1279 921 1347 illorum
967 1282 1204 1347 vitium
1251 1302 1384 1347 esse
1431 1303 1624 1366 quam
1677 1281 1918 1349 Dionis.
1985 1282 2119 1349 Nec
2158 1283 2387 1349 desunt
2426 1284 2595 1369 apud
2634 1305 2784 1349 eum
2822 1284 3050 1351 iudicii

659 1387 854 1453 sobrii
900 1394 965 1452 et
1002 1388 1330 1473 prudentis
1369 1387 1680 1473 exempla.
1730 1386 2139 1454 Praeclarum
2182 1395 2281 1455 est
2320 1388 2487 1474 quod
2526 1390 2751 1454 scribit
2790 1388 2876 1454 46
2898 1438 2916 1473 ,
2958 1388 3049 1454 34

659 1513 751 1578 sq.
817 1494 877 1566 ἐς
941 1498 1118 1558 τοῦτο
1181 1493 1298 1570 μὲν
1344 1494 1416 1568 δὴ
1464 1493 1606 1559 τότε
1652 1495 1739 1560 τὰ
1788 1501 1905 1560 τῶν
1954 1496 2271 1572 Ῥωμαίων
2317 1495 2680 1576 πράγματα
2728 1497 3045 1577 προήχθη,

659 1597 816 1677 λέξω
862 1599 926 1664 δὲ
964 1599 1069 1663 καὶ
1116 1600 1254 1665 καθ’
1296 1596 1554 1664 ἕκαστον
1578 1606 1696 1666 τῶν
1720 1599 2095 1678 γενομένων·
2146 1603 2251 1666 καὶ
2300 1601 2427 1681 γὰρ
2476 1603 2579 1666 καὶ
2620 1601 2941 1672 παίδευσις
2985 1603 3049 1666 ἐν

659 1705 851 1786 τούτῳ
901 1705 986 1768 τα
1027 1703 1314 1782 μάλιστα
1357 1701 1518 1772 εἷναί
1554 1729 1656 1784 μοι
1699 1700 1866 1772 δοκεῖ
1900 1706 2053 1772 ὅταν
2094 1729 2188 1778 τις
2226 1707 2311 1772 τοὶ
2354 1705 2513 1788 ἔργα
2552 1717 2677 1780 τοῖς
2717 1717 3043 1787 λογισμοῖς

661 1809 980 1888 ὑπολέγων
1024 1809 1136 1884 τήν
1189 1833 1262 1876 τε
1311 1811 1547 1876 ἐκείνων
1591 1811 1782 1893 Φύσιν
1833 1813 1900 1878 ἐκ
1945 1813 2173 1880 τούτων
2224 1813 2467 1894 ἐλέγχω
2513 1811 2617 1880 καὶ
2668 1815 2919 1888 τούτους
2974 1815 3044 1879 ἐκ

658 1927 770 1992 τῆς
826 1917 1060 1981 ἐκείνων
1107 1916 1442 1995 ὁμολογίας
1489 1925 1825 1998 τεκμηριοῖ.
1900 1918 2099 1985 Lecta
2148 1940 2395 2005 quoque
2443 1919 2898 2007 dignissimum
2948 1927 3045 1985 est

659 2028 871 2089 totum
911 2029 1104 2108 caput
1143 2021 1226 2087 19
1265 2022 1415 2088 libri
1457 2024 1565 2089 53.
1615 2027 1911 2090 Aetatem
1950 2027 2427 2110 imperatoriam
2466 2027 2597 2091 iam
2638 2031 3042 2091 enarraturus

658 2129 923 2196 lectores
977 2134 1196 2195 monet
1253 2151 1334 2194 ne
1379 2130 1672 2215 credant,
1723 2133 2015 2197 omnium
2064 2152 2223 2217 quae
2272 2132 2349 2198 de
2395 2131 2496 2197 his
2539 2132 2731 2197 rebus
2775 2134 2856 2198 ab
2898 2131 3043 2198 aliis

659 2242 848 2320 atque
897 2235 1052 2301 adeo
1098 2256 1136 2301 a
1186 2255 1254 2300 se
1292 2237 1430 2320 ipso
1464 2236 1827 2316 tradantur,
1864 2235 2055 2302 fidem
2096 2243 2332 2303 certam
2362 2258 2495 2304 esse
2519 2243 2585 2302 et
2608 2237 3042 2323 exploratam:

654 2363 772 2409 nec
819 2361 1037 2407 causas
1084 2339 1248 2406 celat
1296 2361 1407 2406 cur
1451 2341 1556 2406 his
1603 2340 1759 2408 fides
1804 2363 1989 2427 saepe
2035 2342 2395 2431 deroganda
2433 2343 2749 2410 videatur.
2812 2342 3049 2408 Libera

659 2449 829 2513 enim
871 2468 938 2512 re
975 2446 1233 2531 publica
1273 2449 1330 2510 si
1370 2448 1512 2531 quis
1550 2453 1661 2512 aut
1702 2451 1799 2513 ira
1836 2454 1951 2513 aut
1990 2448 2203 2514 studio
2245 2449 2578 2514 historiam
2623 2448 3045 2532 condidisset,

657 2574 806 2621 eum
847 2573 924 2619 ex
965 2552 1110 2619 aliis
1149 2554 1562 2637 scriptoribus
1597 2557 1664 2619 et
1697 2574 1776 2619 ex
1808 2556 1965 2620 actis
1990 2554 2233 2621 diurnis
2258 2555 2499 2621 fraudis
2522 2557 2813 2623 convinci
2838 2573 3039 2640 posse.

657 2661 744 2725 At
782 2670 1115 2744 postquam
1157 2660 1367 2722 omnis
1407 2660 1474 2722 in
1514 2680 1581 2724 re
1622 2658 1877 2744 publica
1910 2666 2189 2745 potestas
2234 2664 2344 2727 uni
2382 2664 2571 2727 cessit
2594 2662 2681 2725 τὰ
2706 2661 2821 2739 μὲν
2844 2663 3043 2725 πλείω

657 2766 864 2847 κρύφα
907 2764 1012 2829 καὶ
1057 2763 1134 2829 δι’
1176 2765 1524 2845 ἀπορρήτων
1561 2766 1892 2843 γίγνεσθαι
1934 2765 2191 2852 ἤρξατο,
2234 2770 2285 2833 εἰ
2328 2766 2392 2831 δέ
2418 2768 2535 2833 πού
2560 2791 2697 2833 τινα
2725 2769 2831 2833 καὶ
2860 2766 3045 2842 δημο-

658 2873 951 2955 σιευθείη,
991 2872 1138 2936 ἀλλ’
1180 2870 1608 2950 ἀνεξέλεγκτα
1658 2896 1739 2951 γε
1785 2871 1933 2937 ὄντα
1980 2874 2377 2938 α’πιστεῖται·
2428 2872 2532 2937 καὶ
2576 2875 2701 2954 γὰρ
2743 2873 3043 2951 λέγεσθαι

657 2980 762 3043 καὶ
800 2978 1181 3059 πράττεσθαι
1225 2977 1440 3041 πάντα
1481 2980 1624 3057 πρὸς
1667 2978 1753 3043 τὰ
1794 2980 1911 3045 τῶν
1948 2978 2046 3043 ἀεὶ
2084 2978 2461 3058 κρατούντων
2500 2986 2618 3043 τῶν
2656 3002 2726 3043 τε
2765 2979 3045 3057 παραδυ-

657 3084 1067 3149 ναστευόντων
1113 3086 1292 3167 σφίσι
1319 3082 1727 3161 ’βουλήματα
1770 3086 2213 3152 ὑποπτεύεται.
2254 3088 2359 3150 καὶ
2400 3086 2570 3151 κατὰ
2610 3090 2787 3151 τοῦτο
2826 3087 3043 3151 πολλὰ

656 3192 769 3269 μὲν
815 3192 882 3255 οὐ
921 3188 1269 3269 γιγνόμενα
1310 3194 1657 3273 θρυλεῖται,
1702 3191 1913 3256 πολλὰ
1949 3190 2009 3255 δὲ
2052 3192 2155 3257 καὶ
2199 3191 2364 3256 πάνυ
2392 3191 2825 3269 συμβαίνοντα
2850 3194 3043 3269 ἀγνο-

656 3304 855 3379 εῖται,
904 3294 1119 3360 πάντα
1167 3296 1229 3359 δὲ
1279 3296 1354 3364 ὡς
1406 3296 1601 3361 εἰπεῖν
1647 3294 1858 3371 ἄλλως
1900 3292 2025 3368 πως
2068 3297 2107 3373 ἢ
2144 3300 2221 3368 ὥς
2264 3297 2615 3379 πράττεται
2654 3297 3043 3378 διαθροεῒται.

657 3400 918 3487 Imperii
958 3420 1204 3485 quoque
1244 3404 1613 3466 vastitatem
1655 3412 1720 3467 et
1757 3423 1968 3468 rerum
2008 3409 2335 3490 gestarum
2374 3402 2864 3469 multitudinem
2912 3406 3043 3468 im-

655 3509 1020 3595 pedimento
1061 3527 1224 3583 esse,
1275 3509 1620 3591 quominus
1667 3508 1824 3573 bene
1870 3515 2333 3596 cognoscantur
2378 3528 2453 3574 ea
2499 3509 2630 3589 περὶ
2683 3506 2759 3573 ὧν
2805 3511 2876 3575 τὸ
2925 3510 3039 3586 μὲν

655 3614 857 3695 σαφὲς
923 3611 1114 3683 οὐδεὶς
1177 3611 1388 3696 ῥᾳδίως
1453 3611 1564 3687 ἔξω
1615 3618 1735 3678 τῶν
1781 3614 2173 3694 πραττόντων
2222 3616 2391 3679 αὐτὰ
2440 3615 2793 3693 γιγνώσκει.
2864 3614 3042 3681 Hinc

655 3726 720 3785 et
781 3740 846 3785 se
904 3721 1118 3805 ipsum
1180 3721 1560 3785 necessitate
1619 3725 1911 3785 coactum
1978 3742 2111 3788 esse
2168 3722 2384 3787 πάντα
2432 3723 2527 3786 τὰ.
2571 3720 2709 3798 ἑξῆς
2730 3769 2749 3799 ,
2799 3717 2915 3787 ὅσα
2960 3745 3042 3799 γε

654 3826 760 3891 καὶ
809 3828 1158 3905 ἀναγκαῖον
1205 3822 1382 3891 ἔσται
1431 3825 1626 3891 εἰπεῖν
1647 3874 1666 3903 ,
1715 3826 1811 3892 ita
1854 3827 2127 3893 scribere
2168 3825 2243 3901 ὥς
2286 3850 2403 3892 που
2444 3828 2549 3893 καὶ
2590 3827 2942 3906 δεδήμευται
2960 3824 3041 3915 ¹),

723 4082 780 4147 1)
825 4078 1123 4143 Δεδιίμωται
1172 4084 1300 4131 recte
1345 4082 1556 4132 Venetus
1599 4085 1644 4132 A
1689 4084 1740 4131 et
1786 4084 2051 4133 Vaticanus
2094 4086 2166 4147 Δ;
2200 4086 2329 4149 quod
2360 4085 2411 4135 in
2446 4082 2724 4142 δεδήλωται
2758 4085 3043 4135 mutandum

655 4178 754 4213 non
796 4178 898 4213 esse
944 4162 1080 4230 (cum
1125 4162 1324 4215 librario
1371 4154 1578 4215 Medic-ei
1625 4164 1692 4225 B,
1744 4164 1823 4215 cui
1856 4164 2201 4233 obtemperavit
2233 4167 2531 4231 Dindorfius)
2564 4168 2734 4217 Suidas
2766 4168 2905 4217 docet
2937 4182 2975 4219 a.
2992 4183 3039 4217 v.

657 4241 880 4305 ἔδημῶθη
925 4245 1078 4309 (inter
1123 4246 1293 4309 tragm.
1343 4246 1510 4297 Dionia
1545 4246 1624 4305 57,
1661 4248 1773 4314 80)=
1816 4244 1866 4295 ἐν
1900 4252 1971 4310 τῷ
2011 4246 2148 4311 δήμῳ
2185 4246 2397 4309 διεδόθη,
2433 4247 2581 4307 δῆλος
2616 4253 2771 4299 πᾶσιν
2806 4246 3042 4312 ἐγένετο,

657 4326 788 4377 οὕτω
832 4326 959 4377 Δίων
995 4322 1045 4376 ὃν
1083 4327 1361 4389 Ῥωμαικῶν
1396 4327 1464 4393 ιζ’
1507 4328 1629 4379 ,καί
1655 4346 1738 4387 τις
1774 4330 1927 4393 λόγος
1959 4330 2070 4393 περὶ
2101 4329 2267 4380 αὐτῶν
2302 4329 2500 4381 τοιόσδε
2536 4327 2805 4393 ἔδημῶθη”.
2858 4334 2923 4382 In
2951 4348 3041 4396 pu-

654 4412 824 4462 blicum
856 4412 1016 4471 edere,
1051 4414 1268 4477 wulqare
1299 4414 1575 4477 ceteroquin
1611 4414 1737 4479 apud
1768 4413 1971 4464 Dionem
1998 4418 2071 4464 est
2106 4412 2417 4475 δημοσιεύειν
2430 4454 2445 4476 ,
2476 4416 2602 4480 quod
2631 4416 2888 4466 aasentias
2902 4415 3037 4465 inve-

655 4493 806 4544 nitur.
853 4491 1145 4551 Δεδήλωται
1180 4497 1344 4545 nostro
1378 4495 1481 4545 loco
1516 4498 1684 4561 aptum
1720 4512 1911 4549 sennam
1946 4512 2041 4547 non
2074 4496 2287 4562 praebet.
