3436 5161
1386 373 1707 426 nonnus.
2606 355 2738 424 403

357 547 652 628 apparet,
712 563 864 608 mox
924 542 1340 608 tractabimus
1367 540 1440 628 1).
1511 541 1570 608 Ν
1575 563 1694 608 unc
1758 562 1907 609 vero
1970 541 2146 608 aliud
2208 547 2303 610 est
2355 543 2731 630 rogandum.

355 647 660 714 Vidimus
708 649 886 715 δυΐκᾶ
935 670 1069 715 esse
1116 649 1299 726 ἄμμε
1337 648 1510 725 ὔμμε
1549 655 1710 733 σφε;
1752 649 1861 714 sed
1900 669 2023 714 non
2062 650 2182 713 nisi
2226 652 2571 717 accusativi
2595 649 2733 716 loco

353 759 782 841 reperiuntur:
823 757 1160 822 fueruntne
1207 759 1404 823 etiam
1449 759 1518 822 in
1565 758 1961 822 nominativo
2008 776 2156 820 casu
2197 753 2523 821 adhibita?
2570 753 2731 822 Gon-

353 867 592 928 stanter
653 866 824 929 enim
843 911 860 940 ,
924 871 999 929 ut
1044 884 1235 930 nemo
1279 865 1480 928 nescit
1497 910 1513 941 ‚
1560 865 1628 928 in
1675 883 1941 929 numero
1988 862 2165 928 duali
2212 883 2340 928 una
2386 863 2731 948 eademque

353 975 450 1036 est
493 969 698 1037 forma
741 971 1122 1036 nominativi
1169 982 1232 1035 et
1278 973 1644 1037 accusativi.

445 1075 628 1158 Quod
687 1079 742 1142 si
803 1077 1168 1164 negandum
1239 1083 1402 1144 esset
1466 1079 1851 1144 nominativi
1908 1097 2155 1163 quoque
2199 1079 2338 1144 vim
2385 1077 2733 1141 obtinuisse

352 1178 533 1261 ἄμμε
581 1182 757 1261 ὔμμε
806 1195 930 1265 σφε
947 1233 962 1258 ,
1026 1203 1151 1250 non
1197 1189 1410 1250 tamen
1455 1183 1604 1250 inde
1650 1191 2016 1269 sequeretur
2060 1183 2219 1249 falso
2266 1203 2370 1248 eas
2416 1182 2651 1248 formas
2697 1203 2735 1248 a

251 1285 261 1295 ’
349 1290 533 1355 nobis
581 1288 758 1355 duali
801 1309 1068 1356 numero
1115 1292 1424 1378 assignari
1439 1311 1456 1368 3
1499 1310 1650 1356 nam
1690 1293 1886 1355 etiam
1928 1290 2133 1356 forma
2167 1289 2371 1370 σφωὲ,
2397 1309 2557 1376 quae
2581 1290 2734 1375 quin

351 1394 429 1460 ad
477 1395 733 1461 dualem
776 1399 1091 1483 pertineat
1139 1417 1326 1464 nemo
1372 1401 1593 1483 opinor
1642 1397 2052 1463 dubitaturus
2097 1404 2227 1476 est,
2277 1396 2447 1482 apud
2494 1397 2735 1462 Home-

348 1523 496 1568 rum
555 1523 680 1569 non
741 1503 866 1568 nisi
929 1506 1290 1570 accusativo
1352 1525 1504 1570 casu
1556 1503 1847 1571 adhibita
1892 1507 2225 1590 reperitur.
2294 1502 2416 1570 Sed
2466 1505 2735 1569 minime

350 1616 448 1675 est
498 1610 900 1698 negandum3
963 1613 1351 1677 contrarium
1413 1598 1586 1675 enim
1633 1617 1804 1676 certo
1852 1617 1927 1676 ut
1970 1611 2268 1696 equidem
2315 1611 2587 1675 arbitror
2632 1611 2734 1673 in-

349 1715 517 1782 dicio
576 1721 785 1801 potest
850 1715 1014 1783 effici
1059 1738 1138 1781 ex
1185 1717 1622 1784 theomachiae
1668 1717 1945 1802 quodam
1990 1717 2157 1796 1000,
2211 1725 2261 1781 Φ
2312 1713 2443 1782 432
2491 1735 2583 1800 sq.
2630 1714 2735 1818 Jbi

347 1821 642 1890 Minerva
689 1821 768 1888 de
813 1843 880 1888 se
924 1826 1064 1908 ipsa
1108 1830 1175 1890 et
1217 1822 1456 1890 Iunone
1501 1827 1595 1890 ita
1638 1822 1959 1910 loquitur:

778 1931 863 2010 τῷ
911 1954 1014 1995 κεν
1065 1928 1137 2005 332
1185 1930 1390 1997 πάλαι
1440 1927 1654 2010 ἄμμες
1702 1929 2117 2009 ἐπαυσάμεθα
2164 1928 2493 2008 πτολέμοιο

778 2037 985 2104 Ἑιλίου
1032 2037 1441 2119 ἐκπέρσαντες
1489 2036 1554 2104 ἐῢ
1602 2038 1886 2117 κτίμενον
1933 2037 2301 2119 πτολίεθρον.

436 2141 684 2209 Siccine
721 2164 872 2211 vero
908 2144 1025 2210 dea
1042 2192 1059 2221 ,
1109 2144 1187 2210 de
1224 2147 1649 2234 grammatica
1686 2142 1951 2212 secura?
1997 2142 2404 2226 ἐκπέρσαντες
2453 2143 2609 2210 dicit
2654 2143 2734 2209 de

345 2251 592 2318 duabus
635 2249 932 2318 feminis?
1002 2252 1144 2319 Non
1207 2253 1580 2320 crediderim
1642 2251 1980 2340 Olympios
1998 2301 2013 2331 ‚
2071 2255 2185 2337 qui
2231 2251 2447 2320 πάντα
2492 2250 2692 2317 νίσασι
2710 2301 2729 2335 ,

343 2360 638 2446 ignorare
697 2359 1038 2424 discrimen
1099 2361 1351 2447 generis
1408 2359 1747 2425 masculini
1795 2367 1859 2425 et
1903 2360 2199 2424 feminini
2216 2408 2231 2436 ‚
2286 2365 2350 2424 et
2397 2357 2730 2423 commode

345 2467 522 2532 venit
557 2467 628 2528 in
664 2473 948 2531 mentem
1002 2465 1425 2551 Euripideum
1470 2463 1637 2532 illud
1687 2467 1739 2530 εἰ
1788 2466 1907 2532 θεοί
1951 2489 2010 2529 τι
2060 2465 2267 2545 δρῶσιν
2315 2463 2573 2545 αἰσχρὸν
2620 2464 2731 2528 οὐκ

344 2571 493 2638 εἰσὶν
539 2573 678 2638 θεοί.
723 2571 897 2649 Quid
938 2574 1146 2660 igitur
1190 2569 1490 2661 agimus?
1551 2571 1885 2659 Numquid
1926 2573 2263 2639 scribimus
2310 2567 2730 2655 ἐκπέρσασαιῖ

342 2679 620 2746 Minime
636 2727 653 2757 ,
701 2699 854 2745 nam
902 2682 958 2745 si
1001 2680 1406 2747 recordamur
1445 2682 1513 2744 in
1559 2698 1818 2745 caesura
1861 2679 2115 2745 hiatum
2159 2698 2522 2745 concessum
2562 2700 2728 2757 esse,
2794 2760 2811 2779 ἱ

341 2785 532 2875 longe
579 2784 826 2853 facilior
870 2792 934 2852 et
978 2784 1366 2871 probabilior
1411 2806 1478 2851 se
1523 2784 1702 2851 offert
1748 2787 2050 2851 eorrectio
2067 2833 2085 2864 ,
2135 2806 2329 2871 quam
2369 2788 2425 2851 si
2464 2787 2606 2872 quis
2646 2788 2732 2852 sit

342 2900 790 2978 aspernaturus
804 2943 821 2977 ,
870 2891 1069 2959 velim
1116 2893 1292 2978 prius
1337 2913 1554 2959 secum
1602 2898 1855 2978 reputet
1894 2894 2102 2979 ipsam
2127 2892 2399 2958 formam
2425 2890 2639 2972 ἄμμες
2660 2895 2728 2958 in

342 2996 541 3065 Iliade
585 3019 712 3066 non
755 3001 880 3066 nisi
925 2999 1046 3065 hoc
1091 3020 1220 3065 uno
1267 3020 1454 3067 versu
1502 3019 1853 3085 superesse:

772 3107 856 3188 τῷ
907 3129 1010 3171 κεν
1056 3106 1128 3181 δὴ
1174 3107 1382 3171 παλαι
1429 3104 1655 3184 ἄμμε
1703 3105 2123 3184 ἐπαυσάμεθα
2169 3106 2499 3185 πτολέμοιο

770 3212 980 3279 Ἑιλίου
1027 3212 1546 3292 ἐκπέρα-αντε
1600 3211 1663 3278 ἐῢ
1716 3212 1998 3291 κτίμενον
2046 3214 2411 3294 πτολίεθρον.

429 3316 652 3397 Patet,
701 3318 956 3384 dualem
1005 3326 1070 3385 et
1116 3321 1352 3405 requiri
1402 3325 1465 3385 et
1513 3320 1572 3407 a}
1597 3322 2047 3409 veteresspoeta
2092 3320 2288 3386 fuisse
2328 3320 2723 3399 adhibitum,

340 3430 404 3492 et
450 3426 632 3504 ἄμμε
682 3428 879 3492 etiam
925 3428 1310 3493 nominativi
1357 3426 1571 3496 locum
1595 3426 1815 3517 {obireff
1839 3426 2275 3515 posseJ32'quod
2314 3426 2471 3493 dum
2494 3430 2730 3513 posteri

337 3534 645 3598 vitiosum
711 3540 967 3598 censent
1029 3540 1093 3599 et
1141 3534 1357 3600 hiatus
1401 3554 1603 3619 usque
1649 3554 1900 3619 quaque
1946 3533 2219 3621 explere}
2243 3534 2499 3602 student
2518 3582 2535 3611 ‚
2584 3540 2723 3601 tur-

335 3641 500 3723 piter
549 3638 1064 3705 deformaverunt
1110 3641 1639 3729 sententiamjbis
1663 3642 1927 3728 :inserta
1964 3638 2153 3706 litera
2192 3641 2403 3727 sigma
2420 3690 2437 3724 ,
2464 3642 2572 3705 cui
2589 3642 2723 3706 iam

335 3764 460 3809 non
523 3750 659 3811 crat
719 3744 898 3810 locus
921 3742 998 3831 ⁹).
1069 3744 1183 3813 Sin
1231 3746 1374 3831 quis
1424 3745 1631 3812 adhuc
1679 3746 1935 3813 dubitat
1950 3744 2207 3834 ,jadeat
2252 3744 2417 3811 mihi
2462 3744 2729 3813 Hesiodi

400 4018 456 4082 1)
492 4018 553 4067 In
587 4018 750 4084 paucis
783 4017 1007 4069 notabilis
1041 4023 1114 4069 est
1132 4016 1178 4084 33
1213 4018 1336 4079 178,
1376 4020 1434 4069 de
1465 4036 1562 4085 quo
1597 4036 1701 4086 pag.
1736 4022 1837 4071 420
1868 4021 2066 4071 dicetur.

397 4100 652 4151 Praeterea
684 4101 958 4152 videantur:
995 4108 1040 4151 A
1074 4104 1105 4151 8
1139 4102 1269 4169 (pag.
1291 4103 1459 4169 ⁹412),
1496 4109 1541 4152 A
1563 4103 1659 4156 574
1694 4102 1823 4169 (pag.
1848 4104 2001 4168 418),
2040 4105 2189 4155 2151
2226 4104 2524 4171 (pag.421)‚
2568 4104 2726 4155 3140

332 4184 630 4251 (pag.421)‚
670 4190 712 4233 K
731 4186 827 4234 546
848 4184 993 4250 Ὦπις.
1012 4184 1156 4245 412)’,
1178 4188 1239 4251 20
1260 4185 1356 4234 146
1392 4186 1524 4251 (pag.
1543 4186 1694 4250 418).
1734 4192 1777 4235 Ο
1796 4187 1893 4237 155
1928 4186 2057 4253 (pag.
2077 4188 2231 4249 418).
2267 4186 2291 4235 θ
2310 4189 2405 4237 815
2437 4187 2566 4253 (pag.
2583 4188 2727 4254 421),

331 4261 355 4311 0
391 4266 488 4319 817
530 4267 659 4332 (pag.
691 4266 840 4327 412),
877 4284 900 4313 ν
935 4267 1034 4317 ecs
1067 4271 1191 4333 (pag.
1231 4268 1382 4335 42⁰),
1419 4286 1442 4329 ρ
1477 4268 1575 4318 212
1617 4270 1745 4334 (pag.
1780 4268 1935 4333 421),
1969 4274 2009 4331 φ
2046 4268 2143 4319 1⁹8
2178 4270 2311 4337 (pag.
2340 4270 2481 4337 420).

395 4350 452 4415 2)
489 4350 634 4399 Haud
665 4348 838 4399 inutile
869 4350 1017 4400 fuerit
1053 4348 1308 4400 contulisse
1345 4366 1532 4401 versum
1567 4358 1612 4399 Θ
1631 4350 1757 4410 878,
1796 4351 1875 4401 cui
1906 4352 2176 4417 graviorem
2202 4352 2349 4404 etiam
2378 4354 2639 4421 perniciem
2656 4358 2727 4407 at-

329 4432 456 4483 tulit
491 4432 654 4481 eadem
686 4446 847 4481 cauam

625 4508 634 4515 ⁰
759 4511 962 4577 γηθήσει
998 4514 1330 4577 προφανείσας
1366 4513 1562 4581 (τ)ιδῶν
1598 4512 1651 4576 ἐς
1685 4514 1869 4567 δοῦπον
1908 4516 2125 4567 ἀκόντων
2142 4555 2157 4578 ,
