3436 5161
1216 369 1223 393 ³
1342 388 1617 437 rmvws
1662 386 1997 438 Josnruus.
2726 366 2857 439 373

570 551 805 641 Antiqe
843 553 949 621 14.
999 555 1107 622 15.
1158 556 1235 625 ’72
1286 552 1559 637 ἐξαρκεῖν
1606 554 1667 620 δὲ
1716 556 1821 621 καὶ
1869 558 2113 622 αὐτὸν
2159 556 2306 637 πρὸς
2352 557 2462 631 τὴν
2505 553 2858 633 ’Λντιγδνου

480 662 856 740 καθαίρεσιν,
908 666 1254 750 requiritur
1296 662 1521 739 αὐτός,
1584 662 1695 729 sed
1741 662 1920 729 locus
1962 663 2232 751 longior.
2259 667 2358 737 est
2402 683 2595 749 quam
2642 666 2717 727 ut
2762 665 2859 729 to-

478 771 585 833 tus
647 769 1037 834 describetur
1098 776 1164 836 et
1224 782 1392 835 nunc
1454 770 1641 835 video
1686 770 1854 835 idem
1902 772 2033 835 iam
2082 772 2420 835 correxisse
2465 768 2858 834 Bekkerum.

479 874 779 939 Nondum
841 877 1113 941 correxit
1171 874 1389 961 Antiq.
1462 875 1565 942 14.
1621 874 1724 941 16.
1777 874 1850 953 2,
1914 877 2026 941 ubi
2076 879 2436 964 Antigonus
2483 874 2660 941 Sosio
2706 895 2858 962 sup-

476 979 693 1065 plicat.
780 980 899 1045 Καὶ
972 983 1193 1054 ἐκεῖνος
1255 982 1442 1058 μηδὲν
1506 984 1692 1074 αὑτὸν
1755 982 2052 1060 οἰκτείρας
2115 983 2260 1061 πρὸς
2320 984 2430 1054 τὴν
2490 982 2860 1060 μεταβολὴν

479 1086 983 1165 ἐπεκράτησε
1049 1088 1161 1164 μὲν
1221 1090 1501 1167 ἀκρατῶς
1568 1089 1673 1153 καὶ
1735 1088 2091 1167 Ἀντιγόνην
2141 1089 2458 1154 ἐκάλεσεν.
2530 1087 2714 1154 Nihil
2761 1093 2860 1154 est

476 1192 601 1259 hoc
646 1192 1033 1273 ἐπεκράτησε.
1095 1192 1504 1263 Consentisne
1550 1216 1774 1262 verum
1823 1216 1956 1262 esse
2003 1191 2542 1275 ἕκερτόμησεῖ

566 1409 777 1485 Quam
837 1409 1003 1475 nihil
1065 1409 1387 1475 interdum
1449 1411 1734 1497 cogitent
1781 1407 2053 1476 editores
2071 1458 2102 1501 ,Β
2135 1407 2343 1475 denuo
2389 1408 2624 1495 poterit
2669 1426 2862 1493 eppe-

476 1535 613 1581 rere
657 1514 877 1600 Antiq.
935 1514 1035 1581 15.
1093 1515 1148 1581 1.
1206 1516 1275 1593 1,
1327 1517 1438 1581 ubi
1486 1514 1767 1603 legimus
1815 1514 2136 1583 Herodem
2184 1536 2399 1603 reg-em
2435 1516 2854 1602 promovisse,

479 1619 600 1687 ὅσοι
646 1625 758 1697 μὲν
808 1618 961 1695 ἦσαν
1010 1622 1569 1693 ἰδιωτεύοντες
1612 1621 1703 1685 ἔτι
1751 1624 1836 1687 τοὶ
1887 1624 2108 1688 ἐκείνου
2153 1627 2510 1703 Φρονοῦντες
2549 1626 2614 1685 et
2649 1638 2858 1685 neces·

476 1732 714 1795 serium
762 1734 859 1795 est
904 1729 1507 1805 ἰδιωτεύοντας,
1559 1728 1707 1796 vide
1752 1730 1808 1794 si
1854 1731 2018 1795 tenti
2065 1735 2162 1795 est
2207 1727 2432 1814 Antiq.
2488 1726 2591 1793 15.
2645 1724 2746 1789 10.
2793 1724 2854 1789 5.

566 1943 816 2010 Dellius
859 1944 972 2010 ille
988 1992 1003 2021 ,
1070 1964 1259 2030 quem
1307 1962 1636 2028 speremus
1682 1962 1933 2028 semper
1978 1942 2166 2007 rebus
2212 1944 2280 2007 in
2327 1941 2542 2007 arduis
2589 1960 2856 2025 aequam

476 2054 826 2117 servavisse
889 2058 1170 2117 mentem
1190 2101 1209 2133 ‚
1273 2071 1473 2136 quum
1537 2051 1820 2135 primum
1883 2050 1950 2113 in
2012 2046 2052 2113 J
2057 2048 2322 2114 udaeam
2371 2051 2586 2131 venit,
2635 2050 2855 2113 statim

474 2164 695 2243 ceptus
742 2164 835 2223 est
880 2156 1355 2243 pulchritudine
1404 2157 1663 2223 formosi
1712 2158 1892 2241 pueri
1939 2153 2296 2221 Aristobuli
2319 2203 2335 2233 ‚
2383 2157 2601 2240 Antiq.
2646 2155 2750 2219 15.
2791 2152 2854 2219 2.

475 2264 538 2331 6.
601 2264 961 2355 Ἠγάσθη
1024 2289 1094 2328 τε
1151 2274 1263 2338 τῆς
1324 2261 1473 2341 ὥρας
1521 2262 1627 2328 καὶ
1676 2265 1745 2327 τὸ
1792 2260 2052 2339 μέγεθος
2101 2263 2206 2327 καὶ
2255 2261 2486 2334 κάλλος
2537 2262 2856 2337 ἐθαύμασε

474 2374 581 2433 τοῦ
629 2370 844 2441 παιδός
874 2421 887 2446 ,
939 2372 1059 2449 οὐχ
1108 2367 1283 2446 ἦττον
1332 2370 1393 2434 δὲ
1440 2370 1550 2444 τὴν
1590 2368 1987 2446 Μαριάμμην
2029 2372 2418 2433 συνοικοῦσαν
2456 2370 2540 2449 τῷ
2574 2368 2854 2445 βασιλεῖ.

475 2475 834 2564 Diligenter
895 2476 1243 2542 videndum
1308 2496 1387 2541 an
1449 2495 1571 2540 non
1635 2482 1947 2561 praestet,
2012 2475 2178 2560 quod
2225 2477 2291 2539 in
2341 2473 2485 2539 aliis
2529 2474 2714 2539 libris
2759 2479 2858 2539 est

476 2584 797 2663 ἠράσθη.
869 2583 1243 2649 Affirmabat
1305 2593 1473 2648 certe
1533 2580 1816 2660 Dellius,
1879 2582 1988 2646 οὒκ
2049 2578 2118 2657 ἐξ
2179 2580 2495 2658 ἀνθρώπων
2550 2582 2718 2660 αὐτῷ
2767 2580 2862 2646 30«

474 2698 640 2766 κεῖν,
692 2689 869 2756 ἀλλά
916 2713 1069 2762 τινος
1118 2692 1249 2755 θεοῦ
1299 2687 1585 2768 γενέσθαι
1632 2689 1774 2759 τοὺς
1820 2687 2084 2761 παῖδας.
2145 2689 2291 2774 Ipse
2337 2693 2554 2754 tamen
2598 2687 2852 2766 dubito,

474 2801 687 2864 utram
732 2797 1071 2864 lectionem
1120 2797 1488 2882 praeferam.

562 3011 693 3078 Hic
739 3033 895 3099 puer
940 3011 1349 3078 Aristobulus
1395 3016 1730 3097 postquem
1772 3010 2056 3097 pontifex
2096 3012 2419 3075 maximus
2453 3015 2699 3076 creatus
2723 3016 2816 3074 est
2835 3056 2853 3087 ,

472 3118 831 3186 Alexandra
885 3123 1092 3184 meter
1136 3119 1470 3184 lacrimans
1518 3117 1952 3184 obtestabatur
1998 3137 2066 3182 se
2112 3116 2488 3182 conditionis
2533 3137 2684 3183 sues
2729 3136 2856 3183 non

471 3226 793 3312 poenitere
811 3273 828 3302 ,
877 3245 1079 3310 quum
1128 3245 1399 3312 reg-num
1449 3231 1612 3290 esset
1656 3243 1847 3311 penes
1892 3221 2211 3288 Herodem
2253 3243 2558 3310 generum
2579 3273 2597 3307 ‚
2637 3225 2850 3308 Antiq.

478 3333 582 3397 15.
630 3331 693 3397 2.
749 3331 809 3398 ’7.
889 3331 1043 3397 Erat
1103 3333 1513 3413 ἀποχρώντως
1576 3340 1762 3406 τιμῆς
1825 3331 2097 3410 ἔχουσα,
2160 3328 2262 3394 διὰ
2325 3331 2434 3404 τὴν
2497 3329 2695 3410 ἀρχὴν
2743 3330 2853 3404 τὴν

472 3438 695 3504 ἐκείνου
755 3439 888 3504 καὶ
952 3438 1062 3511 τὴν
1126 3439 1489 3518 ἀσφάλειαν
1553 3437 1659 3512 τὴν
1726 3435 1792 3502 ἐκ
1858 3441 1965 3500 τοῦ
2015 3435 2300 3502 δύνασθαι
2350 3440 2596 3515 μᾶλλον
2643 3437 2854 3518 ἑτέρων

471 3543 686 3626 ἄρχειν
745 3545 930 3611 αὐτὸν
990 3538 1226 3611 dvi-mre
1281 3547 1365 3626 τῷ
1422 3543 1583 3624 γένει
1640 3547 1983 3624 περιοῦσαν.
2055 3541 2264 3632 Lego:
2320 3547 2412 3615 ὥς
2469 3543 2576 3618 τὴν
2631 3545 2854 3627 ἀσφά-

472 3668 671 3719 λειαν.

568 3867 694 3932 Διὰ
742 3867 813 3932 τὸ
862 3865 1100 3932 excidit
1144 3867 1355 3950 Antiq.
1413 3865 1519 3931 15.
1570 3867 1630 3932 3.
1680 3863 1744 3930 2.
1795 3862 2153 3930 Alexandra
2197 3867 2419 3929 conata
2455 3862 2662 3928 fueret
2699 3864 2856 3930 urbe

474 3974 751 4063 effug-ere
825 3975 1009 4058 eique
1071 3971 1357 4038 Herodes
1420 3974 1671 4038 veniam
1738 3971 1913 4037 dedit
1971 3971 2288 4049 ἐμφαίνων
2351 3970 2854 4052 μεγαλοψυχίαν

473 4081 633 4166 (διὰ
679 4079 793 4166 τὸ)
840 4083 1087 4156 μᾶλλον
1127 4077 1195 4155 ἐξ
1237 4079 1565 4150 ἐπιεικείας
1608 4081 1816 4150 αὐτοῖς
1857 4076 2320 4155 συνεγνωκέναι.
2366 4075 2614 4163 Nempe
2636 4098 2856 4146 revera

470 4189 742 4254 timebat
788 4183 1210 4272 Cleopatram.

561 4399 623 4466 N
626 4421 747 4466 unc
790 4401 975 4467 iuvet
1021 4400 1431 4467 transcribere
1476 4399 1691 4467 locum
1707 4448 1727 4484 ,
1783 4419 1969 4485 quem
2016 4401 2150 4485 ipse
2195 4417 2320 4464 non
2365 4397 2660 4484 expedire
2705 4417 2852 4483 pos-

470 4527 611 4574 sum
634 4557 653 4594 ,
702 4507 812 4572 sed
861 4507 1191 4574 excitanda
1236 4513 1389 4574 sunt
1434 4507 1645 4573 studia
1691 4507 2053 4573 scutiorum
2092 4525 2286 4593 quam
2327 4525 2447 4593 ego
2484 4526 2649 4572 sum.
2693 4504 2850 4572 Ner·
