3436 5161
694 349 827 416 338
1507 415 1515 421 ,
1666 360 1927 413 oassms
1972 358 2106 409 mo.

692 534 737 599 f.
788 531 921 600 203
945 553 1014 597 m
1060 535 1127 598 et
1171 528 1357 595 203¹:
1440 548 1641 595 vacua
1700 526 1950 600 relicta.
2015 526 2231 593 deerat
2291 527 2465 591 enim
2526 525 2596 589 in
2663 521 2960 589 Medicso
3027 528 3085 584 A

1450 656 1653 699 unum
1701 633 1953 699 folium.
2001 635 2078 699 ct.
2127 654 2190 719 p.
2239 630 2391 697 325.

692 746 737 810 f.
786 740 1163 811 204—206'
1188 762 1289 807 m.-
1442 740 1584 806 οὕτε
1626 740 1844 805 πεῖσαί
1894 765 1952 805 τι
2001 739 2215 822 ῥᾳδίως
2243 776 2326 787 --
2355 740 2416 803 ἐν
2464 738 2550 819 τῷ
2605 732 2915 812 τῶνὸνομά
2959 756 3084 798 των

1440 848 1790 929 φρονήμασι-ι
1837 847 2171 925 γενόμενοι.
2221 867 2274 911 c.
2331 845 2452 929 14,
2505 841 2762 927 1—20,
2811 842 2874 907 4.

691 957 736 1022 f.
787 955 940 1022 206'
964 976 1069 1023 m:
1436 973 1637 1039 usque
1681 952 1760 1019 ad
1807 950 2000 1019 finem
2049 974 2294 1017 vacuum
2341 952 2615 1015 relietum
2661 956 2767 1015 est.

778 1063 1115 1128 Praeterea
1175 1061 1585 1145 quaternione
1656 1083 1724 1125 κε
1797 1058 2419 1146 comprehenduntur
2486 1057 2642 1125 folia
2714 1051 3078 1122 193—200

688 1170 1097 1255 quaternione
1160 1190 1237 1235 κς·
1298 1165 1453 1232 folia
1514 1162 1912 1243 207—214;
1976 1186 2088 1233 sex
2150 1168 2366 1232 autem
2431 1164 2586 1231 folia
2647 1163 2860 1229 media
2909 1162 3080 1226 inter

687 1281 1033 1361 utrumque
1082 1270 1475 1358 201-206,
1526 1275 1812 1339 ternione
1856 1275 2226 1353 coniuncta,
2273 1292 2540 1339 numero
2589 1274 2821 1338 carent.
2896 1266 3078 1332 Haec

688 1383 801 1467 qui
844 1380 1335 1447 consideraverit
1380 1398 1503 1444 non
1551 1378 1874 1445 dubitabit
1912 1381 2068 1464 quin
2113 1400 2212 1445 res
2265 1380 2358 1445 ita
2409 1398 2544 1445 sese
2599 1376 2863 1443 habeat:
2922 1394 3076 1440 cum

686 1490 757 1552 in
803 1484 1208 1553 describendo
1255 1485 1467 1551 codice
1515 1484 1762 1551 Veneto
1809 1484 1890 1551 ad
1937 1483 2232 1551 lacunam
2272 1483 2571 1551 librarius
2611 1484 2891 1551 venisset
2926 1479 3080 1547 reli·

688 1614 813 1679 qua
865 1592 1298 1679 quaternionis
1360 1615 1430 1656 κε
1491 1596 1671 1677 parte
1728 1588 1852 1677 3¹l,
1914 1593 2292 1679 paginarum
2357 1610 2559 1657 vacua
2605 1587 2862 1665 relicta,
2915 1606 3076 1673 quae

687 1706 829 1784 post
876 1699 1170 1765 lacunam
1216 1698 1642 1783 sequebantur
1688 1699 1758 1762 in
1803 1717 1966 1764 novo
2002 1699 2412 1783 quaternione
2452 1697 2804 1763 describere
2843 1695 3078 1779 coepit.

683 1806 916 1872 Postea
976 1810 1195 1871 autem
1256 1824 1333 1869 ex
1392 1802 1685 1870 Mediceo
1747 1814 1803 1869 A
1850 1803 2145 1870 lacunam
2193 1803 2444 1890 explere
2490 1802 2732 1882 voluit3
2784 1802 2890 1868 cui
2939 1820 3077 1867 sar-

683 1911 941 1979 ciendae
992 1930 1140 1976 cum
1194 1907 1235 1974 3
1283 1910 1555 1996 paginae
1600 1916 1665 1975 et
1710 1910 1982 1976 dimidia
2025 1932 2152 1977 non
2197 1909 2556 1977 sufficerent
2599 1907 2728 1975 alia
2767 1929 2880 1974 sex
2917 1906 3073 1974 folia

685 2018 973 2082 inseruit.
1021 2015 1307 2100 Denique
1348 2036 1499 2081 cum
1538 2017 1607 2081 in
1648 2016 1881 2082 ultima
1918 2020 2158 2105 pagina
2197 2018 2408 2083 media
2446 2014 2584 2103 (fol.
2618 2012 2803 2102 206‘)
2837 2014 3074 2080 damno

684 2126 822 2190 iam
870 2126 1004 2189 toto
1050 2128 1337 2209 reparato
1376 2120 1543 2187 nihil
1589 2122 2072 2189 describendum
2121 2129 2474 2210 superesset
2490 2169 2508 2201 ‚
2559 2122 2828 2189 alteram
2873 2120 3072 2187 huius

654 2230 957 2317 ,paginae
1035 2234 1281 2313 partem
1351 2248 1579 2313 puram
1648 2228 2004 2315 relinquere
2045 2236 2325 2307 coactus
2397 2235 2514 2297 est.
2621 2229 2792 2294 Haeo
2875 2236 3070 2293 antem

682 2335 911 2419 paqina
974 2357 1045 2399 ea·
1104 2334 1353 2399 dimidia
1401 2341 1583 2419 parte
1638 2358 1828 2399 vacua
1844 2384 1861 2414 ,
1925 2358 2076 2421 quae
2141 2336 2414 2401 lacunam
2473 2336 2746 2400 indicare
2795 2336 3036 2400 videtur
3051 2384 3067 2417 ,

680 2464 811 2505 cum
874 2463 1080 2507 revera
1138 2442 1299 2505 nihil
1356 2440 1613 2524 amplius
1676 2443 2048 2507 desideretur
2095 2444 2162 2507 in
2207 2443 2418 2509 ceteris
2461 2443 2758 2507 codicibus
2805 2446 3070 2507 omnibus

660 2548 942 2634 fideliter
1014 2547 1265 2630 repetita
1328 2554 1439 2622 est,
1508 2549 1667 2634 quod
1708 2556 1932 2614 certum
1979 2557 2382 2632 arqumentum
2431 2560 2516 2616 eet
2557 2557 2616 2616 et
2661 2550 3069 2616 indubitatum

679 2678 755 2722 ex
801 2657 1066 2721 Mediceo
1114 2663 1315 2718 nostro
1363 2665 1406 2718 B
1453 2677 1549 2720 coe
1593 2656 1896 2722 derivatos
1943 2679 2064 2722 esee
2110 2679 2323 2723 omnes.

768 2765 857 2828 At
918 2760 1209 2828 Mediceo
1272 2760 1486 2827 codice
1540 2759 1870 2828 deficiente
1914 2765 2048 2829 iam
2095 2763 2175 2829 ad
2223 2763 2452 2830 Veneti
2497 2762 2756 2830 lacunas
2801 2760 3066 2849 explen-

678 2867 791 2934 das
837 2867 963 2933 alio
1009 2866 1291 2933 remedio
1337 2887 1495 2952 opus
1540 2873 1693 2933 erat.
1768 2867 1952 2949 Quod
1995 2868 2219 2935 Dionis
2265 2872 2646 2954 epitomator
2691 2867 3066 2955 Xiphilinus

675 2973 1211 3041 subministravit.
1285 2972 1659 3059 Ubicunque
1704 2977 1878 3040 enim
1925 2981 2068 3060 post
2112 2974 2355 3043 librum
2403 2976 2490 3042 54
2533 2979 2602 3042 in
2651 2976 2904 3043 Veneto
2947 2979 3068 3041 aut

671 3080 827 3147 folia
873 3079 1185 3167 quaedam
1230 3085 1343 3146 aut
1390 3081 1834 3165 quaterniones
1876 3082 2138 3161 desunt,
2179 3103 2258 3148 ex
2295 3084 2710 3168 epitomatore
2749 3082 3062 3148 damnum

668 3187 979 3252 refectum
1028 3190 1147 3250 est.

763 3291 975 3358 Hodie
1036 3292 1161 3357 duo
1224 3285 1378 3356 folia
1439 3293 1872 3377 quaternionis
1933 3307 2024 3371 λγ
2087 3293 2269 3359 nobis
2325 3298 2574 3362 servata
2641 3299 2827 3374 sunt,
2899 3314 3060 3381 quae

668 3419 813 3466 cum
862 3397 1021 3464 olim
1068 3417 1217 3463 casu
1264 3397 1540 3482 quodam
1587 3399 1654 3462 in
1704 3397 1908 3464 alium
1960 3397 2176 3465 locum
2225 3399 2534 3467 translata
2579 3406 2786 3467 essent
2831 3402 3057 3488 (codex

670 3507 843 3570 enim
905 3501 1325 3587 vesuntinus,
1388 3523 1579 3588 quem
1644 3525 1722 3569 ex
1778 3502 2019 3570 Veneto
2065 3505 2459 3591 descriptum
2505 3527 2640 3574 esse
2683 3514 2828 3593 post
2872 3509 3054 3578 vide-

666 3611 915 3688 bimus,
966 3608 1069 3674 his
1114 3610 1311 3695 caret)
1356 3611 1551 3675 etiam
1592 3608 1926 3674 librarium
1969 3609 2246 3678 Medicei
2285 3621 2329 3676 B
2381 3613 2760 3680 defecerunt.
2833 3613 3055 3702 Itaque

666 3737 924 3783 omnem
979 3714 1280 3782 lacunam
1340 3734 1419 3780 ex
1476 3713 1814 3799 Xiphilino
1870 3715 2215 3803 supplevit.
2287 3716 2538 3785 Ultima
2585 3721 2780 3787 verba
2823 3719 3052 3788 Veneti

666 3823 707 3888 f.
776 3820 925 3888 178¹
983 3822 1139 3886 haec
1193 3825 1344 3885 eunt
1389 3819 1490 3906 (L.
1544 3819 1667 3905 55,
1716 3818 1793 3899 9,
1843 3819 1949 3908 3):
2001 3822 2208 3898 ἐπειδή
2257 3846 2328 3888 τε
2381 3825 2483 3890 καὶ
2535 3821 2610 3898 ὣς
2659 3826 2952 3894 §vinem-d
2999 3829 3052 3894 οἱ

662 3929 1049 4016 (Augusto),
1112 3926 1257 3992 τότε
1317 3923 1440 4007 ἔφη
1504 3926 1734 4007 χρῆναί
1777 3950 1918 3992 τινα
1965 3928 2076 4002 σὺν
2123 3929 2324 4011 ἀρχὴν
2371 3931 2608 4006 ταύτην
2659 3933 3050 4021 λαμβάνειν,

664 4030 812 4099 ὅταν
870 4034 1034 4112 μήτε
1083 4057 1142 4097 τι
1192 4030 1379 4106 αὐτὸς
1429 4031 1812 4111 ἁμαρτάνειν
1859 4033 1964 4100 καὶ
2013 4042 2155 4109 ταῖς
2205 4041 2310 4102 τοῦ
2362 4037 2554 4114 δήμου
2603 4041 2898 4116 σπουδαῖς
2947 4043 3049 4107 ἆν-

662 4138 979 4204 θίσθαισθαιι
1044 4137 1317 4214 δύνηται.
1379 4139 1484 4204 καὶ
1551 4138 1724 4216 μετὰ
1785 4141 1946 4206 τοῦθ’
2006 4141 2328 4221 ἱερωσύνην
2376 4144 2489 4223 μέν
2539 4169 2680 4212 τινα
2723 4149 2893 4229 αὐτῷ
2946 4147 3046 4234 (G.

664 4242 919 4312 Caesari
965 4247 1245 4333 Augusti
1292 4242 1423 4310 filio
1470 4245 1798 4332 adoptivo)
1847 4247 1952 4311 καὶ
1998 4249 2108 4323 τὴν
2159 4249 2218 4321 ἐς
2259 4251 2329 4317 τὸ
2368 4252 2661 4332 συνέδριον
2701 4253 3048 4337 συμφοίτη-

662 4375 756 4416 σιν
798 4349 868 4417 τό
905 4375 976 4417 τε
1008 4352 1370 4417 συνθεᾶσθαι
1419 4351 1525 4417 καὶ
1569 4352 1637 4417 τὸ
1678 4355 2109 4419 συνεστιᾶσθαι
2151 4364 2228 4438 τῦ
2268 4356 2467 4441 βουλῇ
2509 4355 2693 4426 ἔδωκε
2729 4359 3048 4438 βουληθεὶς

661 4458 726 4524 δὲ
785 4457 858 4535 33,
903 4456 1123 4540 τρόπον
1148 4504 1165 4525 .
1190 4505 1209 4523 .
1238 4505 1257 4526 .
1282 4506 1299 4525 .
1368 4457 1611 4526 Eadem
1658 4457 1891 4526 mediis
1937 4463 2193 4528 tantum
2243 4465 2496 4532 omissis
2541 4466 2711 4552 apud
2755 4467 3047 4554 xiphili-
