3436 5161
1360 399 1694 450 nummus.
2588 377 2721 448 43¹7
2760 372 2765 380 ’

427 557 664 647 Eodem
715 562 904 628 modo
945 569 1032 627 εἰσ
1075 585 1527 650 nonnunquam
1575 570 1954 650 usurpatur,
2003 563 2172 649 apud
2218 563 2497 628 comicos
2540 581 2720 649 prae-

323 666 590 745 sertim,
640 673 715 734 ut
758 670 828 734 in
872 669 1094 736 Plauti
1139 673 1576 740 Menaechmis
1621 670 1726 738 IV}
1779 671 1843 737 2.
1893 667 2015 736 94:

425 791 546 859 ego
592 773 773 840 illam
822 796 946 843 non
993 778 1382 858 condonavi3
1431 779 1539 846 sed
1583 779 1672 844 εἰσ
1715 776 2022 845 utendam
2070 775 2217 842 dedi

317 881 396 943 et
439 878 506 944 in
546 879 778 948 Pseud.
823 882 877 948 1.
927 885 988 951 3.
1042 882 1208 951 154:

423 986 570 1054 nolo
630 988 730 1054 bis
775 992 1027 1078 iterari3
1081 997 1182 1058 sat
1227 993 1316 1057 εἰσ
1356 993 1586 1081 longae
1632 990 1796 1059 fiunt
1841 990 2111 1060 fabulae.

425 1089 712 1160 Conferri
750 1099 946 1162 etiam
984 1103 1192 1185 potest
1215 1095 1698 1166 Ciceronianam
1736 1097 1902 1165 illud
1925 1117 2002 1164 ex
2029 1095 2329 1162 Oratione
2349 1114 2464 1182 pro
2487 1093 2718 1161 Roscio

319 1201 639 1298 Amerino
676 1199 860 1288 §712
908 1225 1032 1272 non
1077 1211 1163 1270 eie
1203 1206 1406 1274 nudos
1452 1209 1520 1272 in
1564 1205 1807 1273 flumen
1853 1204 2116 1271 deicere.
2540 1227 2547 1232 ·

420 1414 551 1482 Pro
596 1415 808 1503 Lapsu
853 1421 920 1484 in
967 1418 1316 1488 Salutando
1361 1442 1497 1509 cap.
1533 1425 1587 1487 1.
1639 1421 1764 1488 οὐδ’
1810 1383 1945 1487 ἶσον
1988 1417 2153 1501 ἄκρῳ
2189 1418 2287 1499 τῷ
2324 1415 2717 1496 μειδιάματι.

317 1519 556 1590 Scribe
601 1522 762 1607 ἄκρῳ
808 1549 848 1590 τ
864 1553 924 1609 ῳ.

419 1735 580 1825 Cap.
630 1739 694 1805 2.
740 1740 1080 1823 ἐρχόμενος
1130 1744 1243 1822 μὲν
1288 1737 1387 1809 οὖν
1433 1751 1542 1818 τῆς
1594 1748 1850 1823 γραφῆς
1893 1741 2058 1808 πάνυ
2100 1740 2303 1824 ἀπόρῳ
2328 1737 2715 1816 ἐντεύξεσθαι

319 1849 414 1929 τῷ
466 1847 907 1928 προβλήματι,
956 1851 1212 1930 προΐοντι
1261 1851 1322 1916 δὲ
1372 1853 1583 1917 πολλοὶ
1631 1848 1951 1932 προύφάνη
2002 1851 2102 1915 τοὶ
2155 1845 2475 1914 λεκτέα.
2550 1844 2719 1912 Nolo

319 1974 622 2042 premere
663 1958 1089 2043 suspicionem
1138 1978 1176 2021 a
1212 1956 1494 2054 Luciano
1532 1959 1843 2045 scriptum
1884 1957 2081 2022 fuisse
2116 1980 2155 2020 τ
2174 1956 2215 2022 ἃ
2256 1967 2342 2020 λε
2361 1980 2397 2018 κ
2416 1951 2539 2029 τά,
2567 1972 2717 2019 cum

315 2063 705 2148 praesertim
756 2065 952 2129 sciam
1001 2061 1200 2153 vulgo
1251 2065 1363 2131 has
1407 2063 1644 2132 formas
1679 2084 1716 2130 a
1750 2064 2031 2130 librariis
2070 2062 2445 2129 oblitterari.
2494 2057 2680 2126 Certe
2699 2105 2717 2138 ‚

319 2169 378 2233 si
431 2167 590 2254 quid
634 2169 852 2255 video,
901 2173 1250 2238 sententiae
1292 2171 1835 2239 accommodatius
1874 2176 1990 2238 est.

360 2385 368 2392 ’
418 2382 581 2472 Gap.
630 2384 691 2452 3.
763 2387 824 2451 ἒν
884 2389 1213 2464 ἐπιστολῆς
1281 2388 1344 2454 δὲ
1402 2389 1574 2470 ὦρχῇ
1623 2385 1832 2454 Κλέων
1879 2387 1909 2452 ὃ
1957 2388 2274 2461 Ἀθηναῖος
2334 2380 2717 2462 δημαγωγὸς

321 2493 457 2559 ἀπὸ
527 2495 938 2572 Σφακτηρίας
1001 2503 1302 2574 πρῶτον
1363 2495 1605 2576 χαίρειν
1663 2492 2011 2576 προῦθηκεν.
2084 2489 2279 2559 Cleon
2313 2492 2551 2577 primus
2596 2489 2717 2554 hoc

319 2600 519 2686 fecit,
566 2602 783 2687 itaque
828 2603 1274 2691 corrigendum
1322 2609 1417 2669 est
1462 2608 1786 2683 πρῶτος.
1859 2600 2073 2667 Habet
2118 2606 2441 2687 praeterea
2476 2600 2717 2663 incom-

319 2706 510 2772 modi
580 2705 822 2794 aliquid
891 2710 1046 2775 haec
1111 2711 1452 2777 verborum
1515 2710 1913 2776 coniunctio:
1983 2707 2107 2772 ἀπὸ
2173 2705 2663 2788 Σφακτηρία
2683 2728 2715 2776 ς

321 2811 821 2893 προῦθηκεν,
884 2820 956 2881 ut
1011 2818 1122 2883 vix
1169 2816 1456 2883 dubitem
1505 2819 1648 2902 post
1697 2814 2110 2895 Σφακτηρίας
2158 2812 2501 2895 γράφων
2546 2813 2714 2878 exci-

319 2921 531 2999 disse;
597 2920 743 2988 vide
805 2943 966 3009 quae
1026 2944 1180 2991 mox
1225 2928 1611 3010 sequuntur:
1677 2922 1704 2987 ὃ
1753 2922 1978 2995 Νικίας
2028 2920 2155 2986 ἀπὸ
2206 2920 2501 2993 Σικελίας
2551 2919 2583 2983 ε’
2600 2940 2715 2983 πι-

319 3026 718 3093 στέλλωι

419 3214 578 3300 Cap.
623 3213 682 3279 4.
733 3214 974 3281 Iniuria
1016 3220 1230 3299 spreta
1275 3222 1372 3281 est
1417 3217 1661 3301 optIma
1707 3212 2017 3281 Codicum
2062 3211 2206 3278 ΓΜ
2246 3214 2557 3296 scriptura
2602 3234 2639 3276 κ
2657 3235 2715 3275 ε-

323 3321 606 3388 λεύειν
667 3320 1299 3401 ἀποδοκιμάζει.
1369 3322 1524 3388 Post
1587 3341 1790 3406 pauca
1836 3320 2294 3406 supplendum:
2344 3319 2420 3389 ὥς
2468 3315 2716 3395 ἀνάξιον

323 3429 444 3516 (ὃν)
493 3431 603 3493 τοῦ
651 3429 888 3495 Πυθίου.
962 3427 1202 3493 Iterum
1261 3426 1296 3493 ὅ
1311 3452 1338 3491 ν
1401 3427 1727 3494 intercidit
1787 3432 1931 3513 post
1978 3425 2599 3507 ἁρμοδιώτατον
2646 3426 2717 3491 in

322 3555 465 3621 cap.
519 3533 582 3598 5.

420 3718 581 3805 Gap.
631 3716 692 3783 5.
740 3718 844 3784 καὶ
895 3714 1047 3791 ὅλως
1100 3720 1358 3796 ἡγοῦντο
1405 3720 1488 3797 τῷ
1541 3718 1654 3795 μὲν
1705 3716 1999 3793 ὑγιαίνειν
2048 3714 2117 3779 τὸ
2165 3708 2232 3781 εὖ
2270 3714 2566 3794 πράττειν
2608 3713 2713 3777 καὶ

327 3826 397 3890 τὸ
447 3826 690 3907 χαίρειν
741 3820 975 3889 εἶναι.
1026 3824 1406 3895 Iamdudum
1448 3830 1799 3889 correctum
1840 3822 2168 3909 oportebat
2207 3822 2459 3886 ἐνεῖναι.
2510 3818 2715 3905 Supra

323 3953 560 4018 repone
606 3931 1133 4012 πεντέγραμμα
1178 3952 1291 4018 pro
1339 3928 1905 4009 πεντάγραμμα.
2079 3924 2089 3931 ’

419 4112 578 4202 Gap.
629 4113 690 4181 6.
741 4115 954 4180 Insere
1000 4114 1069 4179 τὸ
1118 4113 1238 4201 (δὲ)
1283 4113 1553 4193 δεύτερον
1604 4113 1796 4175 καλὸν
1843 4108 2151 4189 γενέσθαι.

421 4312 577 4399 Gap.
627 4312 688 4381 ’7.
736 4315 928 4392 μυρία
976 4314 1039 4378 δὲ
1086 4311 1189 4377 καὶ
1239 4310 1416 4376 ἄλλα
1464 4310 1532 4376 ἔκ
1578 4334 1648 4375 τε
1696 4315 1955 4385 ποιητῶν
2002 4306 2105 4373 καὶ
2147 4306 2564 4389 συγγραφέων
2599 4306 2709 4373 καὶ

329 4418 690 4499 φιλοσόφων
737 4417 1246 4495 καταδεῖξαί
1307 4442 1397 4483 σοι
1463 4414 1644 4497 ἔχων.
1713 4415 1857 4482 Non
1906 4423 2003 4481 est
2052 4414 2246 4480 huius
2292 4414 2417 4480 loci
2466 4438 2713 4479 κατα-

329 4526 638 4606 δεῖξαις
685 4548 908 4596 verum
957 4527 1244 4592 videtur:
1298 4521 1789 4600 καταλέξαι.
