<?xml version="1.0" encoding="UTF-8"?>
<!DOCTYPE html PUBLIC "-//W3C//DTD XHTML 1.0 Transitional//EN"
    "http://www.w3.org/TR/xhtml1/DTD/xhtml1-transitional.dtd">
<html xmlns="http://www.w3.org/1999/xhtml" xml:lang="en" lang="en">
 <head>
  <title>
</title>
<meta http-equiv="Content-Type" content="text/html;charset=utf-8" />
  <meta name='ocr-system' content='tesseract 3.04.00' />
  <meta name='ocr-capabilities' content='ocr_page ocr_carea ocr_par ocr_line ocrx_word'/>
</head>
<body>
  <div class='ocr_page' id='page_1' title='image "./mnemosynevolume00verdgoog_0383.png"; bbox 0 0 3436 5161; ppageno 0'>
   <div class='ocr_carea' id='block_1_1' title="bbox 1280 367 2792 436">
    <p class='ocr_par' dir='ltr' id='par_1_1' title="bbox 1280 367 2792 436">
     <span class='ocr_line' id='line_1_1' title="bbox 1280 367 2792 436; baseline 0 -3"><span class='ocrx_word' id='word_1_1' title='bbox 1280 383 1553 435; x_wconf 65' lang='lat' dir='ltr'><strong>minus</strong></span> <span class='ocrx_word' id='word_1_2' title='bbox 1597 385 1930 436; x_wconf 76' lang='lat' dir='ltr'><strong>sosmus.</strong></span> <span class='ocrx_word' id='word_1_3' title='bbox 2657 367 2792 434; x_wconf 74' lang='lat'><strong>359</strong></span> 
     </span>
    </p>
   </div>
   <div class='ocr_carea' id='block_1_2' title="bbox 413 548 2804 1708">
    <p class='ocr_par' dir='ltr' id='par_1_2' title="bbox 413 548 2804 1708">
     <span class='ocr_line' id='line_1_2' title="bbox 418 548 2798 640; baseline 0.003 -26"><span class='ocrx_word' id='word_1_4' title='bbox 418 548 735 625; x_wconf 74' lang='grc' dir='ltr'><strong><em>καυθῆναι.</em></strong></span> <span class='ocrx_word' id='word_1_5' title='bbox 804 549 967 616; x_wconf 77' lang='lat' dir='ltr'><strong>Eoos</strong></span> <span class='ocrx_word' id='word_1_6' title='bbox 1027 550 1341 637; x_wconf 84' lang='lat' dir='ltr'><strong>exempla.</strong></span> <span class='ocrx_word' id='word_1_7' title='bbox 1411 554 1631 640; x_wconf 86' lang='lat' dir='ltr'><strong>Antiq.</strong></span> <span class='ocrx_word' id='word_1_8' title='bbox 1692 553 1755 621; x_wconf 83' lang='lat'><strong>4.</strong></span> <span class='ocrx_word' id='word_1_9' title='bbox 1805 551 1866 618; x_wconf 82' lang='lat'><strong>8.</strong></span> <span class='ocrx_word' id='word_1_10' title='bbox 1919 551 2042 632; x_wconf 79' lang='lat'><strong>23,</strong></span> <span class='ocrx_word' id='word_1_11' title='bbox 2107 555 2162 618; x_wconf 87' lang='lat' dir='ltr'><strong>si</strong></span> <span class='ocrx_word' id='word_1_12' title='bbox 2208 573 2334 638; x_wconf 85' lang='lat' dir='ltr'><strong>qua</strong></span> <span class='ocrx_word' id='word_1_13' title='bbox 2376 551 2612 618; x_wconf 88' lang='lat' dir='ltr'><strong>mulier</strong></span> <span class='ocrx_word' id='word_1_14' title='bbox 2655 558 2798 640; x_wconf 85' lang='lat' dir='ltr'><strong>post</strong></span> 
     </span>
     <span class='ocr_line' id='line_1_3' title="bbox 418 657 2794 749; baseline 0.001 -25"><span class='ocrx_word' id='word_1_15' title='bbox 418 659 833 743; x_wconf 71' lang='lat' dir='ltr'><strong>prostitutam</strong></span> <span class='ocrx_word' id='word_1_16' title='bbox 877 657 1254 744; x_wconf 77' lang='lat' dir='ltr'><strong>pudicitiam</strong></span> <span class='ocrx_word' id='word_1_17' title='bbox 1300 660 1609 726; x_wconf 82' lang='lat' dir='ltr'><strong>sacerdoti</strong></span> <span class='ocrx_word' id='word_1_18' title='bbox 1652 663 1976 749; x_wconf 77' lang='lat' dir='ltr'>nupserit,</span> <span class='ocrx_word' id='word_1_19' title='bbox 2024 659 2279 726; x_wconf 77' lang='grc' dir='ltr'><strong><em>καιέσθω</em></strong></span> <span class='ocrx_word' id='word_1_20' title='bbox 2330 659 2518 742; x_wconf 78' lang='grc' dir='ltr'><strong><em>ζῶσα.</em></strong></span> <span class='ocrx_word' id='word_1_21' title='bbox 2575 662 2794 746; x_wconf 90' lang='lat' dir='ltr'><strong>Antiq.</strong></span> 
     </span>
     <span class='ocr_line' id='line_1_4' title="bbox 420 761 2796 855; baseline 0.002 -28"><span class='ocrx_word' id='word_1_22' title='bbox 420 761 483 827; x_wconf 83' lang='lat'><strong>5.</strong></span> <span class='ocrx_word' id='word_1_23' title='bbox 542 761 601 827; x_wconf 88' lang='lat'><strong>8.</strong></span> <span class='ocrx_word' id='word_1_24' title='bbox 659 763 697 830; x_wconf 99' lang='grc'><strong>7</strong></span> <span class='ocrx_word' id='word_1_25' title='bbox 744 763 1111 851; x_wconf 83' lang='lat' dir='ltr'><strong>Sampsonis</strong></span> <span class='ocrx_word' id='word_1_26' title='bbox 1158 787 1421 832; x_wconf 86' lang='lat' dir='ltr'><strong>uxorem</strong></span> <span class='ocrx_word' id='word_1_27' title='bbox 1473 787 1623 832; x_wconf 83' lang='lat' dir='ltr'><strong>eum</strong></span> <span class='ocrx_word' id='word_1_28' title='bbox 1672 771 1962 855; x_wconf 77' lang='lat' dir='ltr'><strong>cognatis</strong></span> <span class='ocrx_word' id='word_1_29' title='bbox 2009 767 2359 834; x_wconf 75' lang='lat' dir='ltr'><strong>Palaestini</strong></span> <span class='ocrx_word' id='word_1_30' title='bbox 2405 763 2634 846; x_wconf 77' lang='grc' dir='ltr'><strong><em>ζῶντας</em></strong></span> <span class='ocrx_word' id='word_1_31' title='bbox 2682 791 2796 832; x_wconf 85' lang='grc' dir='ltr'><strong>κα-</strong></span> 
     </span>
     <span class='ocr_line' id='line_1_5' title="bbox 417 868 2804 960; baseline 0.003 -28"><span class='ocrx_word' id='word_1_32' title='bbox 417 868 745 951; x_wconf 76' lang='grc' dir='ltr'><strong><em>τέπρησαν.</em></strong></span> <span class='ocrx_word' id='word_1_33' title='bbox 820 870 1087 938; x_wconf 87' lang='lat' dir='ltr'><strong>Miseros</strong></span> <span class='ocrx_word' id='word_1_34' title='bbox 1133 873 1439 957; x_wconf 87' lang='lat' dir='ltr'><strong>quosdam</strong></span> <span class='ocrx_word' id='word_1_35' title='bbox 1488 873 1812 951; x_wconf 86' lang='lat' dir='ltr'><strong>homines,</strong></span> <span class='ocrx_word' id='word_1_36' title='bbox 1859 876 1969 960; x_wconf 86' lang='lat' dir='ltr'><strong>qui</strong></span> <span class='ocrx_word' id='word_1_37' title='bbox 2017 895 2275 940; x_wconf 82' lang='lat' dir='ltr'><strong>auream</strong></span> <span class='ocrx_word' id='word_1_38' title='bbox 2315 873 2599 958; x_wconf 84' lang='lat' dir='ltr'><strong>aquilam</strong></span> <span class='ocrx_word' id='word_1_39' title='bbox 2634 873 2804 939; x_wconf 84' lang='lat' dir='ltr'><strong>ferre·</strong></span> 
     </span>
     <span class='ocr_line' id='line_1_6' title="bbox 414 977 2793 1068; baseline 0.002 -28"><span class='ocrx_word' id='word_1_40' title='bbox 414 993 540 1040; x_wconf 88' lang='lat' dir='ltr'><strong>non</strong></span> <span class='ocrx_word' id='word_1_41' title='bbox 587 982 957 1061; x_wconf 83' lang='lat' dir='ltr'><strong>potuerant,</strong></span> <span class='ocrx_word' id='word_1_42' title='bbox 1005 998 1197 1063; x_wconf 86' lang='lat' dir='ltr'><strong>quam</strong></span> <span class='ocrx_word' id='word_1_43' title='bbox 1245 977 1529 1044; x_wconf 86' lang='lat' dir='ltr'><strong>Herodes</strong></span> <span class='ocrx_word' id='word_1_44' title='bbox 1576 978 1798 1045; x_wconf 87' lang='lat' dir='ltr'><strong>fixerat</strong></span> <span class='ocrx_word' id='word_1_45' title='bbox 1835 982 1902 1044; x_wconf 88' lang='lat' dir='ltr'><strong>in</strong></span> <span class='ocrx_word' id='word_1_46' title='bbox 1944 980 2116 1056; x_wconf 80' lang='lat' dir='ltr'><strong>aedis</strong></span> <span class='ocrx_word' id='word_1_47' title='bbox 2155 979 2414 1068; x_wconf 82' lang='lat' dir='ltr'><strong>fastigio</strong></span> <span class='ocrx_word' id='word_1_48' title='bbox 2432 1027 2449 1056; x_wconf 92' lang='lat'><em>,</em></span> <span class='ocrx_word' id='word_1_49' title='bbox 2478 1001 2589 1044; x_wconf 82' lang='lat' dir='ltr'><strong>rex</strong></span> <span class='ocrx_word' id='word_1_50' title='bbox 2611 979 2793 1044; x_wconf 78' lang='grc' dir='ltr'><strong><em>κατέ-</em></strong></span> 
     </span>
     <span class='ocr_line' id='line_1_7' title="bbox 420 1083 2796 1172; baseline 0.003 -27"><span class='ocrx_word' id='word_1_51' title='bbox 420 1104 615 1146; x_wconf 88' lang='grc' dir='ltr'><strong><em>καυσε</em></strong></span> <span class='ocrx_word' id='word_1_52' title='bbox 663 1083 927 1163; x_wconf 79' lang='grc' dir='ltr'><strong><em>ζῶντας,</em></strong></span> <span class='ocrx_word' id='word_1_53' title='bbox 994 1084 1074 1151; x_wconf 85' lang='lat' dir='ltr'><strong>cf.</strong></span> <span class='ocrx_word' id='word_1_54' title='bbox 1118 1087 1331 1172; x_wconf 85' lang='lat' dir='ltr'><strong>Antiq.</strong></span> <span class='ocrx_word' id='word_1_55' title='bbox 1390 1086 1494 1153; x_wconf 87' lang='grc'><strong>17.</strong></span> <span class='ocrx_word' id='word_1_56' title='bbox 1544 1088 1605 1150; x_wconf 96' lang='grc'><strong>6.</strong></span> <span class='ocrx_word' id='word_1_57' title='bbox 1659 1085 1701 1148; x_wconf 87' lang='grc'><strong>4</strong></span> <span class='ocrx_word' id='word_1_58' title='bbox 1748 1092 1812 1151; x_wconf 85' lang='lat' dir='ltr'><strong>et</strong></span> <span class='ocrx_word' id='word_1_59' title='bbox 1859 1085 2031 1152; x_wconf 80' lang='lat' dir='ltr'><strong>Bell..</strong></span> <span class='ocrx_word' id='word_1_60' title='bbox 2066 1085 2214 1152; x_wconf 83' lang='lat' dir='ltr'><strong>Jud.</strong></span> <span class='ocrx_word' id='word_1_61' title='bbox 2269 1089 2328 1152; x_wconf 91' lang='lat'><strong>1.</strong></span> <span class='ocrx_word' id='word_1_62' title='bbox 2379 1084 2486 1152; x_wconf 83' lang='lat'><strong>33.</strong></span> <span class='ocrx_word' id='word_1_63' title='bbox 2535 1086 2597 1152; x_wconf 85' lang='lat'><strong>4.</strong></span> <span class='ocrx_word' id='word_1_64' title='bbox 2668 1084 2796 1152; x_wconf 83' lang='lat' dir='ltr'><strong>De-</strong></span> 
     </span>
     <span class='ocr_line' id='line_1_8' title="bbox 416 1188 2796 1280; baseline 0.002 -27"><span class='ocrx_word' id='word_1_65' title='bbox 416 1191 610 1275; x_wconf 88' lang='lat' dir='ltr'><strong>nique</strong></span> <span class='ocrx_word' id='word_1_66' title='bbox 668 1188 951 1256; x_wconf 85' lang='lat' dir='ltr'><strong>Judaeus</strong></span> <span class='ocrx_word' id='word_1_67' title='bbox 1007 1192 1268 1276; x_wconf 90' lang='lat' dir='ltr'><strong>quidam</strong></span> <span class='ocrx_word' id='word_1_68' title='bbox 1314 1199 1547 1280; x_wconf 80' lang='lat' dir='ltr'><strong>rogatu</strong></span> <span class='ocrx_word' id='word_1_69' title='bbox 1593 1191 1806 1260; x_wconf 80' lang='lat' dir='ltr'><strong>Flavii</strong></span> <span class='ocrx_word' id='word_1_70' title='bbox 1851 1189 1888 1256; x_wconf 91' lang='lat' dir='ltr'><strong>J</strong></span> <span class='ocrx_word' id='word_1_71' title='bbox 1893 1191 2147 1278; x_wconf 68' lang='lat' dir='ltr'><strong>saepiri,</strong></span> <span class='ocrx_word' id='word_1_72' title='bbox 2196 1191 2412 1259; x_wconf 86' lang='lat' dir='ltr'><strong>oderat</strong></span> <span class='ocrx_word' id='word_1_73' title='bbox 2457 1195 2631 1258; x_wconf 89' lang='lat' dir='ltr'><strong>enim</strong></span> <span class='ocrx_word' id='word_1_74' title='bbox 2677 1191 2796 1257; x_wconf 89' lang='lat' dir='ltr'><strong>ho-</strong></span> 
     </span>
     <span class='ocr_line' id='line_1_9' title="bbox 416 1295 2795 1380; baseline 0.001 -20"><span class='ocrx_word' id='word_1_75' title='bbox 416 1297 700 1380; x_wconf 81' lang='lat' dir='ltr'><strong>minem,</strong></span> <span class='ocrx_word' id='word_1_76' title='bbox 746 1297 993 1363; x_wconf 83' lang='lat' dir='ltr'><strong>Romae</strong></span> <span class='ocrx_word' id='word_1_77' title='bbox 1038 1295 1149 1376; x_wconf 82' lang='grc' dir='ltr'><strong>ζῶν</strong></span> <span class='ocrx_word' id='word_1_78' title='bbox 1194 1300 1583 1376; x_wconf 81' lang='grc' dir='ltr'><strong><em>κατεκαύθη,</em></strong></span> <span class='ocrx_word' id='word_1_79' title='bbox 1634 1299 1914 1379; x_wconf 70' lang='grc' dir='ltr'><strong><em>πρότερον</em></strong></span> <span class='ocrx_word' id='word_1_80' title='bbox 1961 1299 2287 1377; x_wconf 73' lang='grc' dir='ltr'><strong><em>αἴκισθείς,</em></strong></span> <span class='ocrx_word' id='word_1_81' title='bbox 2338 1298 2500 1365; x_wconf 81' lang='lat' dir='ltr'><strong>Bell.</strong></span> <span class='ocrx_word' id='word_1_82' title='bbox 2537 1297 2688 1364; x_wconf 88' lang='lat' dir='ltr'><strong>Jud.</strong></span> <span class='ocrx_word' id='word_1_83' title='bbox 2732 1297 2795 1366; x_wconf 89' lang='grc'><strong>’7.</strong></span> 
     </span>
     <span class='ocr_line' id='line_1_10' title="bbox 418 1402 2798 1489; baseline 0.001 -21"><span class='ocrx_word' id='word_1_84' title='bbox 418 1402 525 1468; x_wconf 92' lang='grc'><strong>11.</strong></span> <span class='ocrx_word' id='word_1_85' title='bbox 576 1403 636 1468; x_wconf 84' lang='grc'><strong>3.</strong></span> <span class='ocrx_word' id='word_1_86' title='bbox 700 1402 1032 1489; x_wconf 79' lang='lat' dir='ltr'><strong>Nusquam</strong></span> <span class='ocrx_word' id='word_1_87' title='bbox 1079 1407 1335 1470; x_wconf 82' lang='lat' dir='ltr'><strong>invenio</strong></span> <span class='ocrx_word' id='word_1_88' title='bbox 1380 1406 1673 1472; x_wconf 84' lang='lat' dir='ltr'><strong>homines</strong></span> <span class='ocrx_word' id='word_1_89' title='bbox 1720 1406 1953 1487; x_wconf 74' lang='grc' dir='ltr'><strong><em>ζῶντας</em></strong></span> <span class='ocrx_word' id='word_1_90' title='bbox 1999 1407 2484 1486; x_wconf 69' lang='grc' dir='ltr'><strong><em>ὦνεςαυρῶσθαι,</em></strong></span> <span class='ocrx_word' id='word_1_91' title='bbox 2543 1405 2798 1471; x_wconf 82' lang='lat' dir='ltr'><strong>etiamsi</strong></span> 
     </span>
     <span class='ocr_line' id='line_1_11' title="bbox 413 1507 2790 1600; baseline 0.002 -26"><span class='ocrx_word' id='word_1_92' title='bbox 413 1509 583 1594; x_wconf 88' lang='lat' dir='ltr'><strong>apud</strong></span> <span class='ocrx_word' id='word_1_93' title='bbox 626 1507 667 1574; x_wconf 86' lang='lat' dir='ltr'><strong>J</strong></span> <span class='ocrx_word' id='word_1_94' title='bbox 670 1511 979 1596; x_wconf 85' lang='lat' dir='ltr'><strong>oeephum</strong></span> <span class='ocrx_word' id='word_1_95' title='bbox 1026 1511 1229 1578; x_wconf 80' lang='lat' dir='ltr'><strong>crucis</strong></span> <span class='ocrx_word' id='word_1_96' title='bbox 1274 1515 1431 1579; x_wconf 82' lang='lat' dir='ltr'><strong>satis</strong></span> <span class='ocrx_word' id='word_1_97' title='bbox 1476 1513 1770 1600; x_wconf 76' lang='lat' dir='ltr'>frequens</span> <span class='ocrx_word' id='word_1_98' title='bbox 1819 1512 1928 1580; x_wconf 84' lang='lat' dir='ltr'><strong>fiat</strong></span> <span class='ocrx_word' id='word_1_99' title='bbox 1974 1515 2239 1580; x_wconf 86' lang='lat' dir='ltr'><strong>mentio.</strong></span> <span class='ocrx_word' id='word_1_100' title='bbox 2285 1512 2475 1580; x_wconf 86' lang='lat' dir='ltr'><strong>Latet</strong></span> <span class='ocrx_word' id='word_1_101' title='bbox 2515 1511 2790 1598; x_wconf 85' lang='lat' dir='ltr'><strong>aliquid,</strong></span> 
     </span>
     <span class='ocr_line' id='line_1_12' title="bbox 413 1615 1721 1708; baseline 0.005 -27"><span class='ocrx_word' id='word_1_102' title='bbox 413 1615 583 1702; x_wconf 84' lang='lat' dir='ltr'><strong>quod</strong></span> <span class='ocrx_word' id='word_1_103' title='bbox 626 1615 911 1683; x_wconf 87' lang='lat' dir='ltr'><strong>nondum</strong></span> <span class='ocrx_word' id='word_1_104' title='bbox 956 1621 1112 1684; x_wconf 85' lang='lat' dir='ltr'><strong>satis</strong></span> <span class='ocrx_word' id='word_1_105' title='bbox 1156 1619 1471 1708; x_wconf 75' lang='lat' dir='ltr'><strong>explicare</strong></span> <span class='ocrx_word' id='word_1_106' title='bbox 1517 1622 1721 1707; x_wconf 88' lang='lat' dir='ltr'><strong>potui.</strong></span> 
     </span>
    </p>
   </div>
   <div class='ocr_carea' id='block_1_3' title="bbox 412 1829 2799 2983">
    <p class='ocr_par' dir='ltr' id='par_1_3' title="bbox 412 1829 2799 2983">
     <span class='ocr_line' id='line_1_13' title="bbox 504 1829 2795 1919; baseline 0.001 -24"><span class='ocrx_word' id='word_1_107' title='bbox 504 1829 719 1896; x_wconf 81' lang='lat' dir='ltr'><strong>Mittit</strong></span> <span class='ocrx_word' id='word_1_108' title='bbox 761 1829 989 1909; x_wconf 83' lang='lat' dir='ltr'><strong>Josua,</strong></span> <span class='ocrx_word' id='word_1_109' title='bbox 1038 1835 1256 1919; x_wconf 77' lang='lat' dir='ltr'><strong>Antiq.</strong></span> <span class='ocrx_word' id='word_1_110' title='bbox 1306 1832 1368 1898; x_wconf 82' lang='lat'><strong>5.</strong></span> <span class='ocrx_word' id='word_1_111' title='bbox 1412 1831 1470 1898; x_wconf 91' lang='lat'><strong>1.</strong></span> <span class='ocrx_word' id='word_1_112' title='bbox 1520 1837 1593 1912; x_wconf 85' lang='lat'><strong>1,</strong></span> <span class='ocrx_word' id='word_1_113' title='bbox 1635 1834 2069 1909; x_wconf 67' lang='grc' dir='ltr'><strong><em>κατασκόπους</em></strong></span> <span class='ocrx_word' id='word_1_114' title='bbox 2117 1835 2203 1907; x_wconf 81' lang='grc' dir='ltr'><strong>είς</strong></span> <span class='ocrx_word' id='word_1_115' title='bbox 2245 1834 2658 1915; x_wconf 81' lang='grc' dir='ltr'><strong><em>Ἰεριχοῦντα,</em></strong></span> <span class='ocrx_word' id='word_1_116' title='bbox 2684 1836 2795 1912; x_wconf 70' lang='grc' dir='ltr'><strong>τήν</strong></span> 
     </span>
     <span class='ocr_line' id='line_1_14' title="bbox 417 1935 2796 2023; baseline 0.003 -22"><span class='ocrx_word' id='word_1_117' title='bbox 417 1960 489 2001; x_wconf 88' lang='grc' dir='ltr'><strong>τε</strong></span> <span class='ocrx_word' id='word_1_118' title='bbox 537 1935 797 2013; x_wconf 73' lang='grc' dir='ltr'><strong><em>δύναμιν</em></strong></span> <span class='ocrx_word' id='word_1_119' title='bbox 844 1939 1048 2003; x_wconf 78' lang='grc' dir='ltr'><strong><em>αὐτῶν</em></strong></span> <span class='ocrx_word' id='word_1_120' title='bbox 1094 1939 1199 2004; x_wconf 83' lang='grc' dir='ltr'><strong>καὶ</strong></span> <span class='ocrx_word' id='word_1_121' title='bbox 1247 1940 1384 2006; x_wconf 90' lang='grc' dir='ltr'><strong><em>τίνα</em></strong></span> <span class='ocrx_word' id='word_1_122' title='bbox 1436 1941 1701 2007; x_wconf 68' lang='grc' dir='ltr'><strong><em>διάνοιαν</em></strong></span> <span class='ocrx_word' id='word_1_123' title='bbox 1744 1941 1991 2023; x_wconf 81' lang='grc' dir='ltr'><strong><em>ἔχουσιν</em></strong></span> <span class='ocrx_word' id='word_1_124' title='bbox 2030 1940 2207 2007; x_wconf 76' lang='grc' dir='ltr'><strong><em>αὐτοὶ</em></strong></span> <span class='ocrx_word' id='word_1_125' title='bbox 2261 1942 2796 2021; x_wconf 73' lang='grc' dir='ltr'><strong>γνωσόμενος,</strong></span> 
     </span>
     <span class='ocr_line' id='line_1_15' title="bbox 416 2043 2794 2128; baseline 0.001 -20"><span class='ocrx_word' id='word_1_126' title='bbox 416 2043 603 2116; x_wconf 78' lang='grc' dir='ltr'><strong><em>αὐτὸς</em></strong></span> <span class='ocrx_word' id='word_1_127' title='bbox 654 2043 715 2110; x_wconf 78' lang='grc' dir='ltr'><strong>δὲ</strong></span> <span class='ocrx_word' id='word_1_128' title='bbox 763 2044 1111 2122; x_wconf 76' lang='grc' dir='ltr'><strong><em>ἐξέταξε</em></strong></span> <span class='ocrx_word' id='word_1_129' title='bbox 1156 2045 1259 2111; x_wconf 82' lang='grc' dir='ltr'><strong>τὸν</strong></span> <span class='ocrx_word' id='word_1_130' title='bbox 1304 2046 1562 2128; x_wconf 78' lang='grc' dir='ltr'><strong><em>ςρατόν,</em></strong></span> <span class='ocrx_word' id='word_1_131' title='bbox 1610 2049 1686 2118; x_wconf 78' lang='grc' dir='ltr'><strong>ὥς</strong></span> <span class='ocrx_word' id='word_1_132' title='bbox 1736 2051 1906 2113; x_wconf 72' lang='grc' dir='ltr'><strong><em>κατὰ</em></strong></span> <span class='ocrx_word' id='word_1_133' title='bbox 1955 2047 2156 2127; x_wconf 78' lang='grc' dir='ltr'><strong><em>καιρὸν</em></strong></span> <span class='ocrx_word' id='word_1_134' title='bbox 2203 2046 2644 2125; x_wconf 76' lang='grc' dir='ltr'><strong>διαβησόμενος</strong></span> <span class='ocrx_word' id='word_1_135' title='bbox 2690 2047 2794 2112; x_wconf 82' lang='grc' dir='ltr'><strong>τὸν</strong></span> 
     </span>
     <span class='ocr_line' id='line_1_16' title="bbox 422 2147 2793 2242; baseline 0.003 -28"><span class='ocrx_word' id='word_1_136' title='bbox 422 2147 739 2229; x_wconf 69' lang='grc' dir='ltr'><strong><em>Ἰορδάνην.</em></strong></span> <span class='ocrx_word' id='word_1_137' title='bbox 810 2149 1002 2218; x_wconf 82' lang='lat' dir='ltr'><strong>Hune</strong></span> <span class='ocrx_word' id='word_1_138' title='bbox 1049 2151 1263 2218; x_wconf 81' lang='lat' dir='ltr'><strong>locum</strong></span> <span class='ocrx_word' id='word_1_139' title='bbox 1314 2155 1369 2219; x_wconf 91' lang='lat' dir='ltr'><strong>si</strong></span> <span class='ocrx_word' id='word_1_140' title='bbox 1416 2157 1558 2239; x_wconf 86' lang='lat' dir='ltr'><strong>quis</strong></span> <span class='ocrx_word' id='word_1_141' title='bbox 1604 2155 1796 2239; x_wconf 90' lang='lat' dir='ltr'><strong>paulo</strong></span> <span class='ocrx_word' id='word_1_142' title='bbox 1844 2154 2223 2242; x_wconf 84' lang='lat' dir='ltr'><strong>diligentius</strong></span> <span class='ocrx_word' id='word_1_143' title='bbox 2269 2154 2793 2235; x_wconf 77' lang='lat' dir='ltr'><strong>consideraverit,</strong></span> 
     </span>
     <span class='ocr_line' id='line_1_17' title="bbox 420 2254 2796 2347; baseline 0.003 -25"><span class='ocrx_word' id='word_1_144' title='bbox 420 2254 608 2322; x_wconf 80' lang='lat' dir='ltr'><strong>facile</strong></span> <span class='ocrx_word' id='word_1_145' title='bbox 668 2257 907 2323; x_wconf 85' lang='lat' dir='ltr'><strong>incidet</strong></span> <span class='ocrx_word' id='word_1_146' title='bbox 967 2261 1034 2323; x_wconf 89' lang='lat' dir='ltr'><strong>in</strong></span> <span class='ocrx_word' id='word_1_147' title='bbox 1102 2258 1435 2336; x_wconf 86' lang='lat' dir='ltr'><strong>lectiones,</strong></span> <span class='ocrx_word' id='word_1_148' title='bbox 1501 2281 1661 2345; x_wconf 88' lang='lat' dir='ltr'><strong>quae</strong></span> <span class='ocrx_word' id='word_1_149' title='bbox 1717 2260 1888 2326; x_wconf 88' lang='lat' dir='ltr'><strong>haud</strong></span> <span class='ocrx_word' id='word_1_150' title='bbox 1937 2281 2160 2347; x_wconf 89' lang='lat' dir='ltr'><strong>parum</strong></span> <span class='ocrx_word' id='word_1_151' title='bbox 2210 2269 2565 2345; x_wconf 80' lang='lat' dir='ltr'><strong>praestant,</strong></span> <span class='ocrx_word' id='word_1_152' title='bbox 2613 2286 2796 2340; x_wconf 85' lang='grc' dir='ltr'><strong><em>γνω-</em></strong></span> 
     </span>
     <span class='ocr_line' id='line_1_18' title="bbox 428 2363 2799 2454; baseline 0.003 -27"><span class='ocrx_word' id='word_1_153' title='bbox 428 2363 824 2442; x_wconf 75' lang='grc' dir='ltr'><strong><em>σομένους</em></strong></span> <span class='ocrx_word' id='word_1_154' title='bbox 872 2371 937 2431; x_wconf 91' lang='lat' dir='ltr'><strong>et</strong></span> <span class='ocrx_word' id='word_1_155' title='bbox 982 2366 1011 2429; x_wconf 81' lang='grc' dir='ltr'><em>ἐ</em></span> <span class='ocrx_word' id='word_1_156' title='bbox 1026 2363 1287 2446; x_wconf 73' lang='grc' dir='ltr'><strong><em>ξήταζ</em></strong></span> <span class='ocrx_word' id='word_1_157' title='bbox 1298 2388 1363 2431; x_wconf 85' lang='grc' dir='ltr'><strong>ε·</strong></span> <span class='ocrx_word' id='word_1_158' title='bbox 1409 2366 1635 2432; x_wconf 90' lang='lat' dir='ltr'><strong>deinde</strong></span> <span class='ocrx_word' id='word_1_159' title='bbox 1674 2369 2020 2453; x_wconf 80' lang='lat' dir='ltr'><strong>comperiet</strong></span> <span class='ocrx_word' id='word_1_160' title='bbox 2047 2373 2292 2433; x_wconf 83' lang='lat' dir='ltr'><strong>veteres</strong></span> <span class='ocrx_word' id='word_1_161' title='bbox 2314 2367 2429 2434; x_wconf 87' lang='lat' dir='ltr'><strong>has</strong></span> <span class='ocrx_word' id='word_1_162' title='bbox 2453 2388 2583 2432; x_wconf 81' lang='lat' dir='ltr'><strong>sees</strong></span> <span class='ocrx_word' id='word_1_163' title='bbox 2605 2370 2799 2454; x_wconf 85' lang='lat' dir='ltr'><strong>serip-</strong></span> 
     </span>
     <span class='ocr_line' id='line_1_19' title="bbox 413 2468 2796 2558; baseline 0.003 -25"><span class='ocrx_word' id='word_1_164' title='bbox 413 2475 589 2536; x_wconf 76' lang='lat' dir='ltr'><strong>turas</strong></span> <span class='ocrx_word' id='word_1_165' title='bbox 611 2517 628 2548; x_wconf 90' lang='lat'><strong><em>‚</em></strong></span> <span class='ocrx_word' id='word_1_166' title='bbox 687 2490 844 2556; x_wconf 86' lang='lat' dir='ltr'><strong>quas</strong></span> <span class='ocrx_word' id='word_1_167' title='bbox 904 2468 1410 2558; x_wconf 82' lang='lat' dir='ltr'><strong>Havereampius</strong></span> <span class='ocrx_word' id='word_1_168' title='bbox 1472 2472 1865 2550; x_wconf 84' lang='lat' dir='ltr'><strong>inconsulto,</strong></span> <span class='ocrx_word' id='word_1_169' title='bbox 1927 2480 2004 2538; x_wconf 87' lang='lat' dir='ltr'><strong>ut</strong></span> <span class='ocrx_word' id='word_1_170' title='bbox 2064 2472 2256 2552; x_wconf 86' lang='lat' dir='ltr'><strong>solet,</strong></span> <span class='ocrx_word' id='word_1_171' title='bbox 2305 2474 2554 2540; x_wconf 81' lang='lat' dir='ltr'><strong>abiecit.</strong></span> <span class='ocrx_word' id='word_1_172' title='bbox 2626 2473 2796 2554; x_wconf 83' lang='lat' dir='ltr'><strong>Quid</strong></span> 
     </span>
     <span class='ocr_line' id='line_1_20' title="bbox 416 2574 2792 2665; baseline 0.003 -24"><span class='ocrx_word' id='word_1_173' title='bbox 416 2579 630 2642; x_wconf 85' lang='lat' dir='ltr'><strong>tamen</strong></span> <span class='ocrx_word' id='word_1_174' title='bbox 676 2575 901 2645; x_wconf 84' lang='lat' dir='ltr'><strong>Editor</strong></span> <span class='ocrx_word' id='word_1_175' title='bbox 940 2574 1327 2664; x_wconf 73' lang='lat' dir='ltr'><strong>Lipsiensis?</strong></span> <span class='ocrx_word' id='word_1_176' title='bbox 1372 2576 1621 2665; x_wconf 86' lang='lat' dir='ltr'><strong>Nempe</strong></span> <span class='ocrx_word' id='word_1_177' title='bbox 1667 2582 1950 2646; x_wconf 83' lang='lat' dir='ltr'><strong>servavit</strong></span> <span class='ocrx_word' id='word_1_178' title='bbox 1984 2577 2364 2658; x_wconf 73' lang='grc' dir='ltr'><strong><em>γνωσόμενος</em></strong></span> <span class='ocrx_word' id='word_1_179' title='bbox 2405 2586 2470 2645; x_wconf 89' lang='lat' dir='ltr'><strong>et</strong></span> <span class='ocrx_word' id='word_1_180' title='bbox 2517 2577 2792 2657; x_wconf 75' lang='grc' dir='ltr'><strong>ἐξέταξε.</strong></span> 
     </span>
     <span class='ocr_line' id='line_1_21' title="bbox 412 2680 2790 2771; baseline 0.001 -23"><span class='ocrx_word' id='word_1_181' title='bbox 412 2680 644 2748; x_wconf 84' lang='lat' dir='ltr'><strong>Itidem</strong></span> <span class='ocrx_word' id='word_1_182' title='bbox 691 2686 908 2771; x_wconf 87' lang='lat' dir='ltr'><strong>Antiq.</strong></span> <span class='ocrx_word' id='word_1_183' title='bbox 954 2683 1013 2750; x_wconf 85' lang='lat'><strong>5.</strong></span> <span class='ocrx_word' id='word_1_184' title='bbox 1060 2684 1121 2751; x_wconf 92' lang='grc'><strong>1.</strong></span> <span class='ocrx_word' id='word_1_185' title='bbox 1164 2684 1242 2752; x_wconf 84' lang='lat'><strong>¹7:</strong></span> <span class='ocrx_word' id='word_1_186' title='bbox 1291 2684 1396 2749; x_wconf 77' lang='grc' dir='ltr'><strong>καὶ</strong></span> <span class='ocrx_word' id='word_1_187' title='bbox 1445 2687 1554 2761; x_wconf 68' lang='grc' dir='ltr'><strong>τὴν</strong></span> <span class='ocrx_word' id='word_1_188' title='bbox 1602 2684 1939 2766; x_wconf 73' lang='grc' dir='ltr'><strong><em>Ῥαχοέβην</em></strong></span> <span class='ocrx_word' id='word_1_189' title='bbox 1986 2686 2094 2751; x_wconf 85' lang='grc' dir='ltr'><strong>σὺν</strong></span> <span class='ocrx_word' id='word_1_190' title='bbox 2141 2694 2269 2759; x_wconf 80' lang='grc' dir='ltr'><strong><em>τοῖς</em></strong></span> <span class='ocrx_word' id='word_1_191' title='bbox 2315 2688 2546 2760; x_wconf 68' lang='grc' dir='ltr'><strong><em>οἰκείοις</em></strong></span> <span class='ocrx_word' id='word_1_192' title='bbox 2593 2687 2678 2760; x_wconf 81' lang='grc' dir='ltr'><strong>είς</strong></span> <span class='ocrx_word' id='word_1_193' title='bbox 2720 2686 2790 2754; x_wconf 77' lang='grc' dir='ltr'><strong><em>τὸ</em></strong></span> 
     </span>
     <span class='ocr_line' id='line_1_22' title="bbox 412 2788 2793 2878; baseline 0.002 -23"><span class='ocrx_word' id='word_1_194' title='bbox 412 2788 816 2868; x_wconf 71' lang='grc' dir='ltr'><strong><em>καταγώγιον</em></strong></span> <span class='ocrx_word' id='word_1_195' title='bbox 878 2796 1481 2874; x_wconf 81' lang='grc' dir='ltr'><strong><em>συμφυγοῦσαν</em></strong></span> <span class='ocrx_word' id='word_1_196' title='bbox 1543 2790 1779 2857; x_wconf 79' lang='grc' dir='ltr'><strong><em>ἔσωσαν</em></strong></span> <span class='ocrx_word' id='word_1_197' title='bbox 1829 2792 1880 2858; x_wconf 79' lang='lat'><strong>01</strong></span> <span class='ocrx_word' id='word_1_198' title='bbox 1929 2790 2353 2870; x_wconf 71' lang='grc' dir='ltr'><strong><em>κατάσκοποι,</em></strong></span> <span class='ocrx_word' id='word_1_199' title='bbox 2401 2791 2793 2878; x_wconf 77' lang='lat' dir='ltr'><strong>quantillum</strong></span> 
     </span>
     <span class='ocr_line' id='line_1_23' title="bbox 412 2901 1494 2983; baseline 0.006 -23"><span class='ocrx_word' id='word_1_200' title='bbox 412 2901 510 2961; x_wconf 81' lang='lat' dir='ltr'><strong>est</strong></span> <span class='ocrx_word' id='word_1_201' title='bbox 552 2916 850 2983; x_wconf 84' lang='lat' dir='ltr'><strong>reponere</strong></span> <span class='ocrx_word' id='word_1_202' title='bbox 895 2902 1494 2981; x_wconf 84' lang='grc' dir='ltr'><strong><em>συμφυγοῦσιν.</em></strong></span> 
     </span>
    </p>
   </div>
   <div class='ocr_carea' id='block_1_4' title="bbox 409 3109 2864 4057">
    <p class='ocr_par' dir='ltr' id='par_1_4' title="bbox 409 3109 2864 4057">
     <span class='ocr_line' id='line_1_24' title="bbox 504 3109 2796 3201; baseline 0.001 -25"><span class='ocrx_word' id='word_1_203' title='bbox 504 3109 869 3199; x_wconf 80' lang='lat' dir='ltr'><strong>Legebatur</strong></span> <span class='ocrx_word' id='word_1_204' title='bbox 915 3112 1074 3180; x_wconf 86' lang='lat' dir='ltr'><strong>olim</strong></span> <span class='ocrx_word' id='word_1_205' title='bbox 1122 3116 1340 3201; x_wconf 87' lang='lat' dir='ltr'><strong>Antiq.</strong></span> <span class='ocrx_word' id='word_1_206' title='bbox 1390 3113 1449 3181; x_wconf 84' lang='lat'><strong>5.</strong></span> <span class='ocrx_word' id='word_1_207' title='bbox 1504 3115 1561 3182; x_wconf 93' lang='grc'><strong>1.</strong></span> <span class='ocrx_word' id='word_1_208' title='bbox 1618 3112 1740 3181; x_wconf 76' lang='lat'><strong>162</strong></span> <span class='ocrx_word' id='word_1_209' title='bbox 1799 3112 1962 3191; x_wconf 73' lang='grc' dir='ltr'><strong><em>ἥκειν</em></strong></span> <span class='ocrx_word' id='word_1_210' title='bbox 2007 3114 2182 3181; x_wconf 72' lang='grc' dir='ltr'><strong><em>κατὰ</em></strong></span> <span class='ocrx_word' id='word_1_211' title='bbox 2227 3112 2448 3183; x_wconf 66' lang='lat' dir='ltr'><strong>erle-ev</strong></span> <span class='ocrx_word' id='word_1_212' title='bbox 2494 3121 2605 3190; x_wconf 71' lang='grc' dir='ltr'><strong><em>τῆς</em></strong></span> <span class='ocrx_word' id='word_1_213' title='bbox 2651 3115 2796 3195; x_wconf 76' lang='grc' dir='ltr'><strong><em>α’ρε·</em></strong></span> 
     </span>
     <span class='ocr_line' id='line_1_25' title="bbox 410 3220 2796 3303; baseline -0.001 -12"><span class='ocrx_word' id='word_1_214' title='bbox 410 3224 523 3292; x_wconf 70' lang='grc' dir='ltr'><strong>τῆς</strong></span> <span class='ocrx_word' id='word_1_215' title='bbox 585 3221 778 3286; x_wconf 82' lang='grc' dir='ltr'><strong><em>αὐτοῦ</em></strong></span> <span class='ocrx_word' id='word_1_216' title='bbox 840 3222 1075 3297; x_wconf 69' lang='grc' dir='ltr'><strong><em>πολλὴν</em></strong></span> <span class='ocrx_word' id='word_1_217' title='bbox 1138 3222 1489 3296; x_wconf 68' lang='grc' dir='ltr'><strong><em>ἀνύσαντας</em></strong></span> <span class='ocrx_word' id='word_1_218' title='bbox 1554 3222 1683 3289; x_wconf 72' lang='grc' dir='ltr'><strong><em>ὁδὸν</em></strong></span> <span class='ocrx_word' id='word_1_219' title='bbox 1738 3220 2044 3303; x_wconf 80' lang='grc' dir='ltr'><strong><em>ἔφασκον,</em></strong></span> <span class='ocrx_word' id='word_1_220' title='bbox 2093 3221 2203 3289; x_wconf 80' lang='lat' dir='ltr'><strong>sod</strong></span> <span class='ocrx_word' id='word_1_221' title='bbox 2249 3228 2420 3290; x_wconf 78' lang='lat' dir='ltr'><strong>recte</strong></span> <span class='ocrx_word' id='word_1_222' title='bbox 2466 3221 2796 3289; x_wconf 79' lang='lat' dir='ltr'><strong>Bekkerus</strong></span> 
     </span>
     <span class='ocr_line' id='line_1_26' title="bbox 411 3326 2793 3415; baseline 0.002 -24"><span class='ocrx_word' id='word_1_223' title='bbox 411 3326 779 3395; x_wconf 83' lang='lat' dir='ltr'><strong>emendavit</strong></span> <span class='ocrx_word' id='word_1_224' title='bbox 842 3329 1101 3399; x_wconf 66' lang='lat' dir='ltr'><strong>mis-ev.</strong></span> <span class='ocrx_word' id='word_1_225' title='bbox 1194 3326 1301 3395; x_wconf 83' lang='lat' dir='ltr'><strong>Sie</strong></span> <span class='ocrx_word' id='word_1_226' title='bbox 1361 3330 1573 3395; x_wconf 88' lang='lat' dir='ltr'><strong>editur</strong></span> <span class='ocrx_word' id='word_1_227' title='bbox 1632 3328 1712 3395; x_wconf 85' lang='lat' dir='ltr'><strong>ab</strong></span> <span class='ocrx_word' id='word_1_228' title='bbox 1775 3330 2074 3395; x_wconf 90' lang='lat' dir='ltr'><strong>omnibus</strong></span> <span class='ocrx_word' id='word_1_229' title='bbox 2144 3330 2363 3415; x_wconf 88' lang='lat' dir='ltr'><strong>Antiq.</strong></span> <span class='ocrx_word' id='word_1_230' title='bbox 2433 3326 2538 3396; x_wconf 93' lang='grc'><strong>17.</strong></span> <span class='ocrx_word' id='word_1_231' title='bbox 2595 3327 2656 3393; x_wconf 92' lang='grc'><strong>5.</strong></span> <span class='ocrx_word' id='word_1_232' title='bbox 2719 3326 2793 3395; x_wconf 81' lang='lat'><strong>3:</strong></span> 
     </span>
     <span class='ocr_line' id='line_1_27' title="bbox 412 3430 2794 3514; baseline 0.002 -17"><span class='ocrx_word' id='word_1_233' title='bbox 412 3430 661 3498; x_wconf 71' lang='grc' dir='ltr'><strong><em>πάντων</em></strong></span> <span class='ocrx_word' id='word_1_234' title='bbox 723 3434 981 3509; x_wconf 69' lang='grc' dir='ltr'><strong><em>ἡκόντων</em></strong></span> <span class='ocrx_word' id='word_1_235' title='bbox 1041 3436 1124 3508; x_wconf 77' lang='grc' dir='ltr'><strong>είς</strong></span> <span class='ocrx_word' id='word_1_236' title='bbox 1173 3435 1355 3506; x_wconf 56' lang='grc' dir='ltr'><strong><em>πός-ιν</em></strong></span> <span class='ocrx_word' id='word_1_237' title='bbox 1380 3486 1396 3514; x_wconf 90' lang='grc'><strong><em>,</em></strong></span> <span class='ocrx_word' id='word_1_238' title='bbox 1451 3434 1554 3501; x_wconf 91' lang='grc'><strong>18.</strong></span> <span class='ocrx_word' id='word_1_239' title='bbox 1604 3436 1667 3502; x_wconf 87' lang='grc'><strong>4.</strong></span> <span class='ocrx_word' id='word_1_240' title='bbox 1717 3435 1797 3503; x_wconf 84' lang='lat'><strong>5:</strong></span> <span class='ocrx_word' id='word_1_241' title='bbox 1859 3436 2226 3514; x_wconf 77' lang='grc' dir='ltr'><strong><em>Βουλόμενος</em></strong></span> <span class='ocrx_word' id='word_1_242' title='bbox 2276 3435 2559 3513; x_wconf 75' lang='grc' dir='ltr'><strong><em>γενέσθαι</em></strong></span> <span class='ocrx_word' id='word_1_243' title='bbox 2610 3435 2794 3505; x_wconf 73' lang='grc' dir='ltr'><strong><em>πύςιν</em></strong></span> 
     </span>
     <span class='ocr_line' id='line_1_28' title="bbox 411 3538 2794 3625; baseline -0 -18"><span class='ocrx_word' id='word_1_244' title='bbox 411 3542 716 3619; x_wconf 81' lang='grc' dir='ltr'><strong><em>Καίσαρι,</em></strong></span> <span class='ocrx_word' id='word_1_245' title='bbox 769 3538 874 3607; x_wconf 87' lang='lat'><strong>18.</strong></span> <span class='ocrx_word' id='word_1_246' title='bbox 924 3540 986 3606; x_wconf 84' lang='lat'><strong>5.</strong></span> <span class='ocrx_word' id='word_1_247' title='bbox 1037 3541 1112 3606; x_wconf 91' lang='lat'><strong>1:</strong></span> <span class='ocrx_word' id='word_1_248' title='bbox 1162 3542 1402 3616; x_wconf 65' lang='grc' dir='ltr'><strong><em>πόσεως</em></strong></span> <span class='ocrx_word' id='word_1_249' title='bbox 1452 3543 1610 3625; x_wconf 69' lang='grc' dir='ltr'><strong><em>αὐτῇ</em></strong></span> <span class='ocrx_word' id='word_1_250' title='bbox 1658 3548 1776 3607; x_wconf 81' lang='grc' dir='ltr'><strong>τῶν</strong></span> <span class='ocrx_word' id='word_1_251' title='bbox 1821 3544 2120 3618; x_wconf 78' lang='grc' dir='ltr'><strong><em>συνθηκῶν</em></strong></span> <span class='ocrx_word' id='word_1_252' title='bbox 2165 3544 2536 3621; x_wconf 76' lang='grc' dir='ltr'><strong><em>γενομένης,</em></strong></span> <span class='ocrx_word' id='word_1_253' title='bbox 2585 3542 2686 3608; x_wconf 86' lang='grc'><strong>18.</strong></span> <span class='ocrx_word' id='word_1_254' title='bbox 2729 3540 2794 3607; x_wconf 87' lang='grc'><strong>6.</strong></span> 
     </span>
     <span class='ocr_line' id='line_1_29' title="bbox 411 3645 2794 3730; baseline 0 -18"><span class='ocrx_word' id='word_1_255' title='bbox 411 3645 489 3713; x_wconf 83' lang='lat'><strong>8:</strong></span> <span class='ocrx_word' id='word_1_256' title='bbox 538 3647 719 3717; x_wconf 61' lang='lat' dir='ltr'><strong>mis-et</strong></span> <span class='ocrx_word' id='word_1_257' title='bbox 768 3654 879 3723; x_wconf 78' lang='grc' dir='ltr'><strong><em>τῆς</em></strong></span> <span class='ocrx_word' id='word_1_258' title='bbox 925 3647 1161 3715; x_wconf 67' lang='grc' dir='ltr'><strong><em>ἐκείνων</em></strong></span> <span class='ocrx_word' id='word_1_259' title='bbox 1207 3648 1587 3730; x_wconf 70' lang='grc' dir='ltr'><strong><em>ἀφηγήσεως</em></strong></span> <span class='ocrx_word' id='word_1_260' title='bbox 1634 3654 1700 3714; x_wconf 79' lang='lat' dir='ltr'><strong>et</strong></span> <span class='ocrx_word' id='word_1_261' title='bbox 1753 3646 1854 3713; x_wconf 86' lang='lat'><strong>18.</strong></span> <span class='ocrx_word' id='word_1_262' title='bbox 1905 3646 1964 3713; x_wconf 83' lang='lat'><strong>6.</strong></span> <span class='ocrx_word' id='word_1_263' title='bbox 2023 3647 2144 3713; x_wconf 87' lang='lat'><strong>10:</strong></span> <span class='ocrx_word' id='word_1_264' title='bbox 2206 3646 2388 3716; x_wconf 74' lang='grc' dir='ltr'><strong><em>πύςει</em></strong></span> <span class='ocrx_word' id='word_1_265' title='bbox 2437 3656 2547 3723; x_wconf 76' lang='grc' dir='ltr'><strong><em>τῆς</em></strong></span> <span class='ocrx_word' id='word_1_266' title='bbox 2598 3646 2794 3725; x_wconf 82' lang='grc' dir='ltr'><strong><em>Τιβε·</em></strong></span> 
     </span>
     <span class='ocr_line' id='line_1_30' title="bbox 409 3752 2795 3843; baseline -0.001 -22"><span class='ocrx_word' id='word_1_267' title='bbox 409 3755 533 3835; x_wconf 78' lang='grc' dir='ltr'><strong><em>ρίου</em></strong></span> <span class='ocrx_word' id='word_1_268' title='bbox 576 3760 891 3829; x_wconf 77' lang='grc' dir='ltr'><strong><em>τελευτῆς.</em></strong></span> <span class='ocrx_word' id='word_1_269' title='bbox 954 3754 1178 3822; x_wconf 79' lang='lat' dir='ltr'><strong>Restat</strong></span> <span class='ocrx_word' id='word_1_270' title='bbox 1222 3758 1439 3843; x_wconf 80' lang='lat' dir='ltr'><strong>Antiq.</strong></span> <span class='ocrx_word' id='word_1_271' title='bbox 1494 3755 1555 3820; x_wconf 84' lang='lat'><strong>5.</strong></span> <span class='ocrx_word' id='word_1_272' title='bbox 1605 3753 1669 3823; x_wconf 80' lang='grc'><strong>2.</strong></span> <span class='ocrx_word' id='word_1_273' title='bbox 1721 3757 1798 3821; x_wconf 80' lang='lat'><strong>3:</strong></span> <span class='ocrx_word' id='word_1_274' title='bbox 1859 3755 2166 3822; x_wconf 73' lang='grc' dir='ltr'><strong><em>δείκνυται</em></strong></span> <span class='ocrx_word' id='word_1_275' title='bbox 2215 3754 2320 3821; x_wconf 71' lang='grc' dir='ltr'><strong>καὶ</strong></span> <span class='ocrx_word' id='word_1_276' title='bbox 2374 3759 2472 3821; x_wconf 83' lang='grc' dir='ltr'><strong>νῦν</strong></span> <span class='ocrx_word' id='word_1_277' title='bbox 2521 3752 2610 3821; x_wconf 75' lang='grc' dir='ltr'><strong><em>ἔτι</em></strong></span> <span class='ocrx_word' id='word_1_278' title='bbox 2657 3754 2795 3820; x_wconf 80' lang='grc' dir='ltr'><strong><em>τού-</em></strong></span> 
     </span>
     <span class='ocr_line' id='line_1_31' title="bbox 412 3860 2864 3943; baseline -0 -16"><span class='ocrx_word' id='word_1_279' title='bbox 412 3884 529 3927; x_wconf 83' lang='grc' dir='ltr'><strong>των</strong></span> <span class='ocrx_word' id='word_1_280' title='bbox 590 3862 706 3931; x_wconf 75' lang='grc' dir='ltr'><strong>6ςᾶ</strong></span> <span class='ocrx_word' id='word_1_281' title='bbox 766 3862 955 3941; x_wconf 74' lang='grc' dir='ltr'><strong><em>μηδὲν</em></strong></span> <span class='ocrx_word' id='word_1_282' title='bbox 1015 3870 1140 3937; x_wconf 77' lang='grc' dir='ltr'><strong><em>τοῖς</em></strong></span> <span class='ocrx_word' id='word_1_283' title='bbox 1202 3863 1317 3929; x_wconf 78' lang='grc' dir='ltr'><strong>ὑπὸ</strong></span> <span class='ocrx_word' id='word_1_284' title='bbox 1366 3861 1589 3931; x_wconf 68' lang='grc' dir='ltr'><strong><em>τίς-ιν</em></strong></span> <span class='ocrx_word' id='word_1_285' title='bbox 1636 3862 1984 3943; x_wconf 73' lang='grc' dir='ltr'><strong><em>ἐρχομένοις</em></strong></span> <span class='ocrx_word' id='word_1_286' title='bbox 2027 3860 2268 3928; x_wconf 73' lang='grc' dir='ltr'><strong><em>ἐοικότα</em></strong></span> <span class='ocrx_word' id='word_1_287' title='bbox 2315 3866 2380 3929; x_wconf 82' lang='lat' dir='ltr'><strong>et</strong></span> <span class='ocrx_word' id='word_1_288' title='bbox 2423 3862 2622 3929; x_wconf 85' lang='lat' dir='ltr'><strong>miror</strong></span> <span class='ocrx_word' id='word_1_289' title='bbox 2667 3879 2795 3927; x_wconf 85' lang='lat' dir='ltr'><strong>non</strong></span> <span class='ocrx_word' id='word_1_290' title='bbox 2855 3898 2864 3905; x_wconf 93' lang='lat'><em>-</em></span> 
     </span>
     <span class='ocr_line' id='line_1_32' title="bbox 410 3968 2474 4057; baseline -0.001 -20"><span class='ocrx_word' id='word_1_291' title='bbox 410 3968 649 4037; x_wconf 80' lang='lat' dir='ltr'><strong>vidisse</strong></span> <span class='ocrx_word' id='word_1_292' title='bbox 694 3968 1060 4037; x_wconf 83' lang='lat' dir='ltr'><strong>Bekkerum</strong></span> <span class='ocrx_word' id='word_1_293' title='bbox 1106 3970 1212 4037; x_wconf 84' lang='lat' dir='ltr'><strong>hie</strong></span> <span class='ocrx_word' id='word_1_294' title='bbox 1258 3990 1507 4057; x_wconf 85' lang='lat' dir='ltr'><strong>qnoque</strong></span> <span class='ocrx_word' id='word_1_295' title='bbox 1553 3972 1708 4037; x_wconf 74' lang='grc' dir='ltr'><strong><em>τύς·</em></strong></span> <span class='ocrx_word' id='word_1_296' title='bbox 1727 3992 1795 4035; x_wconf 90' lang='grc' dir='ltr'><strong>ιν</strong></span> <span class='ocrx_word' id='word_1_297' title='bbox 1840 3968 2271 4056; x_wconf 88' lang='lat' dir='ltr'><strong>reponendum</strong></span> <span class='ocrx_word' id='word_1_298' title='bbox 2317 3988 2474 4035; x_wconf 86' lang='lat' dir='ltr'><strong>esse.</strong></span> 
     </span>
    </p>
   </div>
   <div class='ocr_carea' id='block_1_5' title="bbox 412 4181 2796 4587">
    <p class='ocr_par' dir='ltr' id='par_1_5' title="bbox 412 4181 2796 4587">
     <span class='ocr_line' id='line_1_33' title="bbox 502 4181 2794 4272; baseline 0.001 -22"><span class='ocrx_word' id='word_1_299' title='bbox 502 4184 725 4271; x_wconf 85' lang='lat' dir='ltr'><strong>Antiq.</strong></span> <span class='ocrx_word' id='word_1_300' title='bbox 776 4184 837 4251; x_wconf 90' lang='grc'><strong>5.</strong></span> <span class='ocrx_word' id='word_1_301' title='bbox 892 4187 949 4252; x_wconf 93' lang='lat' dir='ltr'><strong>l.</strong></span> <span class='ocrx_word' id='word_1_302' title='bbox 1001 4188 1122 4253; x_wconf 86' lang='lat'><strong>18:</strong></span> <span class='ocrx_word' id='word_1_303' title='bbox 1170 4187 1487 4272; x_wconf 71' lang='grc' dir='ltr'><strong><em>πολιορκία</em></strong></span> <span class='ocrx_word' id='word_1_304' title='bbox 1530 4186 1649 4260; x_wconf 71' lang='grc' dir='ltr'><strong><em>τὰς</em></strong></span> <span class='ocrx_word' id='word_1_305' title='bbox 1698 4185 1910 4259; x_wconf 64' lang='grc' dir='ltr'><strong><em>πόλεις</em></strong></span> <span class='ocrx_word' id='word_1_306' title='bbox 1961 4186 2141 4265; x_wconf 69' lang='grc' dir='ltr'><strong><em>αἱρῶν</em></strong></span> <span class='ocrx_word' id='word_1_307' title='bbox 2185 4183 2292 4253; x_wconf 79' lang='grc' dir='ltr'><strong>καὶ</strong></span> <span class='ocrx_word' id='word_1_308' title='bbox 2353 4184 2462 4251; x_wconf 71' lang='grc' dir='ltr'><strong><em>πα</em></strong></span> <span class='ocrx_word' id='word_1_309' title='bbox 2481 4199 2522 4250; x_wconf 79' lang='grc' dir='ltr'><strong>λ</strong></span> <span class='ocrx_word' id='word_1_310' title='bbox 2541 4207 2559 4249; x_wconf 87' lang='grc' dir='ltr'><strong><em>ι</em></strong></span> <span class='ocrx_word' id='word_1_311' title='bbox 2577 4210 2608 4249; x_wconf 90' lang='grc' dir='ltr'><strong>ν</strong></span> <span class='ocrx_word' id='word_1_312' title='bbox 2652 4181 2691 4252; x_wconf 74' lang='grc' dir='ltr'>ὅ</span> <span class='ocrx_word' id='word_1_313' title='bbox 2732 4210 2794 4251; x_wconf 90' lang='grc' dir='ltr'><strong>τι</strong></span> 
     </span>
     <span class='ocr_line' id='line_1_34' title="bbox 412 4290 2794 4383; baseline 0.003 -26"><span class='ocrx_word' id='word_1_314' title='bbox 412 4290 603 4370; x_wconf 68' lang='grc' dir='ltr'><strong><em>λάβοι</em></strong></span> <span class='ocrx_word' id='word_1_315' title='bbox 650 4293 939 4373; x_wconf 80' lang='grc' dir='ltr'><strong><em>φονεύων.</em></strong></span> <span class='ocrx_word' id='word_1_316' title='bbox 987 4292 1245 4382; x_wconf 86' lang='lat' dir='ltr'><strong>Repono</strong></span> <span class='ocrx_word' id='word_1_317' title='bbox 1292 4318 1343 4361; x_wconf 73' lang='grc' dir='ltr'>π</span> <span class='ocrx_word' id='word_1_318' title='bbox 1362 4298 1409 4362; x_wconf 72' lang='grc' dir='ltr'><strong>οἳ</strong></span> <span class='ocrx_word' id='word_1_319' title='bbox 1426 4320 1457 4361; x_wconf 90' lang='grc' dir='ltr'><strong>ν</strong></span> <span class='ocrx_word' id='word_1_320' title='bbox 1506 4300 1572 4361; x_wconf 89' lang='lat' dir='ltr'><strong>et</strong></span> <span class='ocrx_word' id='word_1_321' title='bbox 1618 4294 1902 4361; x_wconf 83' lang='lat' dir='ltr'><strong>eiusdem</strong></span> <span class='ocrx_word' id='word_1_322' title='bbox 1947 4293 2332 4383; x_wconf 76' lang='lat' dir='ltr'><strong>paragraphi</strong></span> <span class='ocrx_word' id='word_1_323' title='bbox 2370 4295 2560 4361; x_wconf 87' lang='lat' dir='ltr'><strong>initio</strong></span> <span class='ocrx_word' id='word_1_324' title='bbox 2597 4294 2794 4363; x_wconf 84' lang='lat' dir='ltr'><strong>stulte</strong></span> 
     </span>
     <span class='ocr_line' id='line_1_35' title="bbox 413 4395 2796 4489; baseline 0.002 -24"><span class='ocrx_word' id='word_1_325' title='bbox 413 4398 657 4467; x_wconf 81' lang='lat' dir='ltr'><strong>editur:</strong></span> <span class='ocrx_word' id='word_1_326' title='bbox 704 4395 759 4465; x_wconf 79' lang='grc' dir='ltr'><strong>οἳ</strong></span> <span class='ocrx_word' id='word_1_327' title='bbox 805 4400 945 4474; x_wconf 76' lang='grc' dir='ltr'><strong><em>τοὺς</em></strong></span> <span class='ocrx_word' id='word_1_328' title='bbox 982 4402 1399 4481; x_wconf 84' lang='grc' dir='ltr'><strong><em>Γαβαωνίτας</em></strong></span> <span class='ocrx_word' id='word_1_329' title='bbox 1443 4417 1596 4468; x_wconf 70' lang='grc' dir='ltr'><strong>πολ</strong></span> <span class='ocrx_word' id='word_1_330' title='bbox 1617 4426 1713 4479; x_wconf 88' lang='grc' dir='ltr'><strong>εμ</strong></span> <span class='ocrx_word' id='word_1_331' title='bbox 1735 4402 1888 4478; x_wconf 72' lang='grc' dir='ltr'><strong>ἥσα</strong></span> <span class='ocrx_word' id='word_1_332' title='bbox 1907 4424 2084 4474; x_wconf 84' lang='grc' dir='ltr'><strong><em>ντες</em></strong></span> <span class='ocrx_word' id='word_1_333' title='bbox 2124 4400 2504 4485; x_wconf 59' lang='grc' dir='ltr'><strong><em>ἐστράτευσαν</em></strong></span> <span class='ocrx_word' id='word_1_334' title='bbox 2538 4422 2652 4489; x_wconf 85' lang='lat' dir='ltr'><strong>pro</strong></span> <span class='ocrx_word' id='word_1_335' title='bbox 2671 4424 2796 4469; x_wconf 70' lang='grc' dir='ltr'><strong>πο-</strong></span> 
     </span>
     <span class='ocr_line' id='line_1_36' title="bbox 412 4507 940 4587; baseline 0.004 -16"><span class='ocrx_word' id='word_1_336' title='bbox 412 4519 455 4571; x_wconf 81' lang='grc' dir='ltr'><strong>λ</strong></span> <span class='ocrx_word' id='word_1_337' title='bbox 469 4530 499 4573; x_wconf 91' lang='grc' dir='ltr'><strong>ε</strong></span> <span class='ocrx_word' id='word_1_338' title='bbox 514 4531 569 4587; x_wconf 90' lang='grc' dir='ltr'><strong><em>μ</em></strong></span> <span class='ocrx_word' id='word_1_339' title='bbox 586 4507 675 4585; x_wconf 65' lang='lat' dir='ltr'><strong>nio·</strong></span> <span class='ocrx_word' id='word_1_340' title='bbox 693 4530 723 4575; x_wconf 88' lang='grc' dir='ltr'><strong><em>ο</em></strong></span> <span class='ocrx_word' id='word_1_341' title='bbox 739 4531 768 4574; x_wconf 90' lang='grc' dir='ltr'><strong>ν</strong></span> <span class='ocrx_word' id='word_1_342' title='bbox 784 4530 825 4575; x_wconf 91' lang='grc' dir='ltr'><strong><em>τ</em></strong></span> <span class='ocrx_word' id='word_1_343' title='bbox 838 4532 871 4573; x_wconf 89' lang='grc' dir='ltr'><strong>ε</strong></span> <span class='ocrx_word' id='word_1_344' title='bbox 884 4532 940 4583; x_wconf 91' lang='grc' dir='ltr'><strong>ς.</strong></span> 
     </span>
    </p>
   </div>
  </div>
 </body>
</html>
