3436 5161
1357 384 1446 432 An
1493 384 1844 433 munzun.
2669 365 2797 435 177

635 548 720 614 14
766 544 881 614 illa
911 550 959 635 ¹)
1023 548 1264 635 placet,
1327 553 1622 635 quamvis
1684 548 1931 617 inculto
2000 551 2243 617 venerit
2306 569 2411 617 ore
2431 599 2449 634 ,

401 654 512 721 sed
557 654 749 742 paulo
794 658 938 739 post
986 653 1317 721 florentem
1334 705 1352 738 ‚
1403 652 1489 723 47
1513 701 1530 734 ‚
1577 676 1753 742 sqq.=

767 766 834 827 at
871 767 944 826 tu
965 808 982 839 ‚
1033 760 1188 827 dum
1237 764 1435 846 primi
1474 760 1655 827 floret
1696 762 1817 828 tibi
1857 763 2165 847 temporis
2202 766 2378 829 aetas
2398 812 2417 838 ‚

857 872 1038 933 utere
1055 914 1072 946 ,
1110 887 1234 934 non
1280 869 1461 935 tardo
1505 868 1747 935 labitur
1793 867 1911 934 illa
1957 868 2136 953 pede.

399 972 596 1039 Initio
652 972 999 1058 alloquitur
1045 972 1324 1058 aliquam
1345 1020 1362 1050 ,
1417 994 1580 1058 quae
1627 972 1993 1040 dissimulat
2040 994 2325 1041 amorem
2344 1024 2365 1058 ‚
2419 973 2631 1043 1—8:

766 1080 981 1146 desine
1027 1080 1465 1145 dissimulare:
1517 1081 1672 1146 deus
1720 1079 2041 1146 crudelius
2089 1082 2223 1145 urit

857 1205 1014 1270 quos
1052 1186 1230 1252 videt
1265 1188 1502 1252 invitos
1561 1187 1969 1252 succubuisse
2034 1188 2195 1271 sibi,

406 1296 470 1357 et
529 1294 746 1357 statim
799 1292 1019 1357 eadem
1069 1291 1360 1377 placendi
1409 1304 1576 1358 artes
1623 1298 1907 1377 exercet,
1960 1290 2221 1358 9—16:

679 1395 718 1462 9
769 1397 924 1483 quid
971 1397 1092 1463 tibi
1146 1418 1312 1465 nunc
1361 1397 1574 1464 mollis
1618 1403 1853 1481 prodest
1900 1398 2169 1465 coluisse
2210 1399 2473 1485 capillos
2492 1402 2525 1465 P

403 1504 618 1587 itaque
679 1502 930 1569 lucrum
991 1503 1250 1589 aliquod
1313 1506 1451 1570 sive
1511 1505 1921 1571 commodum
1990 1510 2289 1571 sectatur.
2360 1505 2559 1574 Modo
2603 1508 2684 1574 ad
2728 1528 2797 1574 se
2870 1506 2877 1513 “

404 1611 616 1693 ipsum
665 1630 1004 1676 conversus
1051 1612 1361 1675 miserum
1411 1630 1658 1693 amore,
1713 1608 2021 1675 17-262

496 1748 502 1755 ·
637 1714 721 1782 17
769 1736 924 1781 num
972 1721 1039 1782 te
1084 1717 1510 1789 carminibus.
1555 1737 1714 1781 num
1766 1722 1830 1782 te
1873 1716 2263 1802 pallentibus
2309 1718 2525 1785 herbis

860 1822 1120 1889 devovit
1165 1824 1362 1888 tacito
1407 1827 1690 1908 tempore
1738 1824 1943 1889 noct-is
1988 1820 2188 1887 anus?

404 1926 558 1991 haec
607 1930 774 1991 enim
825 1929 1174 1994 necessario
1219 1928 1520 1994 dicuntur
1569 1929 1646 1993 de
1691 1948 1765 1995 eo
1783 1976 1799 2006 ,
1850 1931 1959 2013 qui
2002 1929 2339 1995 manifesta
2375 1930 2612 1996 indicia
2648 1952 2794 1997 con-

405 2034 569 2116 cepti
606 2032 837 2099 furoris
879 2033 1152 2099 ostendit
1191 2054 1388 2119 eoque
1429 2033 1723 2119 displicet
1738 2082 1754 2111 ,
1797 2035 1963 2119 quod
2001 2054 2127 2100 non
2168 2036 2341 2101 cadit
2378 2038 2445 2101 in
2469 2035 2753 2121 puellam
2778 2084 2795 2114 ,

404 2158 598 2222 quam
646 2138 837 2223 paulo
883 2146 1029 2205 ante
1075 2138 1578 2227 significaverat,
1633 2140 1743 2206 sed
1789 2143 1858 2205 in
1902 2143 2115 2225 ipsum
2162 2148 2453 2228 poetam3
2502 2142 2611 2209 sed
2656 2144 2795 2210 sive

411 2263 506 2321 se,
563 2247 702 2310 sive
746 2245 946 2310 alium
997 2252 1346 2311 amatorem
1398 2245 1572 2321 vult,
1628 2246 1905 2311 miserum
1950 2268 2147 2311 amore
2192 2247 2383 2312 dicit:

636 2349 722 2413 25
771 2351 878 2415 sed
927 2371 1154 2435 corpus
1201 2354 1490 2438 tetigisse
1536 2360 1701 2416 nocet
1722 2400 1738 2433 ‚
1786 2352 1896 2418 sed
1941 2352 2137 2439 longa
2185 2352 2431 2418 dedisse

869 2456 1084 2523 oscula
1099 2504 1116 2534 ,
1168 2458 1277 2522 sed
1323 2458 1549 2522 femori
1595 2460 1983 2524 conseruisse
2029 2459 2261 2523 femur.

493 2562 687 2630 Modo
707 2613 724 2647 ‚
789 2568 851 2630 et
911 2564 1130 2629 statim
1194 2563 1453 2649 quidem
1474 2612 1488 2639 ,
1565 2570 1925 2631 exsecratur
1993 2563 2335 2631 formosam
2354 2611 2403 2642 ‚.
2447 2585 2609 2650 quae
2678 2589 2795 2631 non

401 2675 574 2734 amet
619 2675 684 2736 et
729 2691 767 2736 a
811 2672 1054 2756 nuptiis
1101 2669 1450 2748 (Plautinis
1495 2669 1668 2756 volo)
1714 2673 1801 2736 sit
1848 2673 2083 2747 aliena,

635 2774 722 2840 39
769 2796 892 2841 non
939 2775 1104 2860 lapis
1151 2776 1314 2841 hanc
1358 2795 1782 2862 gemmaeque
1827 2779 2089 2854 iuvant,
2141 2797 2301 2862 quae
2338 2777 2575 2865 frigore
2611 2776 2745 2844 sola

857 2881 1134 2946 dormiat
1181 2886 1242 2946 et
1290 2880 1458 2946 nulli
1501 2885 1586 2947 sit
1631 2882 1941 2967 cupienda
1979 2882 2137 2949 viro.
2540 2912 2546 2918 ·

487 2985 560 3051 In
621 2987 750 3052 alio
809 2989 1092 3052 carmine
1156 2985 1388 3071 (veluti
1451 2987 1506 3052 Ι.
1573 2989 1641 3073 4)
1707 2988 1785 3053 ad
1848 2989 2091 3053 iustum
2142 2990 2600 3054 sententiarum
2648 3009 2787 3073 pro·

401 3113 690 3178 gressum
742 3091 957 3177 aliqua
1003 3093 1260 3168 desunt,
1312 3095 1378 3157 in
1427 3092 1554 3159 alio
1597 3093 1819 3159 volens
1864 3097 2192 3177 sciensque
2229 3095 2353 3158 sibi
2390 3096 2526 3179 ipse
2563 3093 2789 3159 infelix

403 3204 646 3263 amator
694 3197 1094 3283 obloquitur,
1141 3201 1459 3265 castitatis
1494 3220 1562 3265 se
1601 3199 1821 3267 Deliae
1848 3198 2171 3266 custodem
2198 3199 2560 3284 pollicitus,
2588 3200 2789 3265 simul

403 3305 709 3369 maritum
761 3307 901 3369 eius
947 3324 1244 3381 monens,
1293 3312 1368 3370 ut
1417 3309 1640 3371 caveat
1685 3325 1724 3370 a
1768 3326 1836 3370 se
1880 3311 2161 3370 amatore
2210 3305 2285 3392 (Ι.
2336 3304 2423 3391 6).

491 3409 672 3474 Fieri·
727 3412 838 3474 vix
899 3429 1080 3494 posse
1142 3410 1421 3488 videtur,
1489 3416 1564 3475 ut
1623 3411 1933 3477 traditum
1982 3412 2219 3496 ubique
2268 3411 2555 3478 ordinem
2600 3411 2791 3478 bodie

399 3514 635 3599 aliquis
691 3515 1001 3582 defendat.
1075 3515 1480 3600 Quamquam
1531 3518 1831 3582 novimus
1877 3516 2207 3582 Dissenius
2252 3518 2408 3601 quid
2457 3517 2791 3603 explicarit

399 3625 464 3684 et
530 3620 911 3705 implicarit,
972 3621 1126 3706 quid
1186 3620 1418 3709 leg-erit
1459 3623 1528 3686 in
1573 3619 1833 3687 Tibullo
1879 3641 2029 3698 suo,
2080 3622 2233 3707 quid
2284 3622 2497 3710 legere
2544 3643 2611 3688 se
2664 3643 2795 3688 cre·

398 3725 653 3792 diderit.
724 3727 926 3793 Velut
985 3731 1052 3792 in
1115 3731 1394 3803 carmine
1450 3727 1566 3792 illo
1627 3735 1850 3793 octavo
1911 3727 2155 3793 bellum
2223 3735 2319 3794 est
2371 3729 2491 3794 hoc
2535 3750 2601 3814 p.
2658 3727 2783 3795 171

397 3832 477 3897 ad
541 3853 636 3899 vs.
701 3832 786 3898 25
807 3879 824 3911 ,
887 3854 1014 3919 sq.:
1075 3854 1261 3916 „cum
1309 3833 1549 3899 Pholoe
1592 3835 1909 3918 nequitias
1956 3832 2225 3899 leviores
2254 3829 2333 3918 [Y]
2384 3835 2787 3918 permitteret

399 3937 740 4014 „Maratho
801 3941 871 4024 [a
925 3939 1223 4005 Maratho
1285 3942 1421 4006 sine
1481 3940 1676 4004 dubio
1736 3937 1815 4004 D.
1870 3942 2178 4024 accepit]‚
2232 3938 2337 4004 hic
2384 3939 2793 4024 impudenter

400 4048 618 4121 „tactu
665 4043 918 4131 puellae
963 4048 1252 4130 propiore
1299 4052 1364 4111 et
1403 4046 1801 4110 diuturniore
1836 4046 2163 4132 ingentem
2206 4043 2619 4129 cupiditatem
2664 4045 2789 4112 sibi

404 4150 814 4227 „accenderat
841 4200 856 4226 ,
925 4153 1109 4216 cuius
1169 4153 1552 4216 temeritatis
1607 4171 1777 4215 nunc
1839 4169 2069 4235 poenas
2116 4149 2247 4215 dat.
2318 4148 2585 4215 Poetam
2631 4155 2791 4234 puta

403 4254 564 4332 „hoc
609 4275 735 4322 non
781 4256 917 4322 sine
962 4257 1250 4322 irrisione
1297 4255 1721 4343 significare”.
1793 4255 2109 4321 Irrisionis
2157 4261 2373 4321 tamen
2414 4275 2539 4322 non
2578 4261 2677 4322 est
2714 4275 2789 4322 ea

469 4499 522 4564 1)
556 4501 648 4550 illa
681 4515 776 4549 non
811 4499 960 4550 habet
992 4515 1087 4564 quo
1123 4501 1382 4559 referaturg
1423 4501 1620 4550 fortasse
1653 4501 1791 4551 bella.
