3436 5161
603 354 689 424 76
1591 370 1987 421 monor-us.

691 539 1094 631 Constructio
1145 539 1392 605 laborat
1451 536 1573 605 VII
1641 536 1809 605 149:
1874 540 2088 603 ταῦτα
2133 536 2249 615 μὲν
2296 534 2547 613 λέγουσι
2599 539 2709 611 τὴν
2756 536 2988 615 βουλῆν

599 648 1059 731 ὑποκρίνασθαι,
1121 646 1384 719 σπουδὴν
1446 645 1498 710 δ’
1548 644 1721 727 ἔχειν
1771 644 2035 716 σπονδὰς
2089 642 2375 721 γενέσθαι
2425 643 2989 723 τριηκοντούτιδας,

600 757 822 833 καίπερ
881 752 952 818 τὸ
1010 752 1331 835 χρηςήριον
1395 750 2014 831 φοβεομένοισι.
2094 748 2381 835 Oonjecit
2429 749 2713 816 Steinius
2759 748 2987 832 φοβεδ·

598 883 764 937 μενοι
833 859 1022 945 idque
1083 859 1238 926 adeo
1301 860 1370 923 in
1417 865 1666 923 textum
1721 858 1947 923 intulit
1993 858 2259 923 minoris
2304 857 2640 944 editionis3
2691 857 2987 943 equidem

599 966 870 1031 dixerim
919 968 1151 1051 requiri
1198 966 1634 1031 accusativum
1681 964 1848 1046 φοβ
1870 964 2274 1044 εομένους.
2323 964 2469 1032 Non
2508 966 2683 1030 enim
2724 966 2990 1031 abuten-

600 1072 756 1136 dum
794 1077 890 1136 est
930 1071 1010 1138 ad
1050 1074 1520 1138 nominativum
1563 1072 1997 1137 excusandum
2034 1074 2113 1137 iis
2155 1070 2313 1137 locis
2354 1070 2561 1157 qualis
2608 1076 2705 1137 est
2743 1070 2834 1136 IV
2864 1071 2985 1137 15:

601 1178 1058 1244 Μεταποντῖνοί
1111 1184 1274 1257 φασι
1335 1166 1544 1241 αὐτὸν
1584 1176 1857 1255 ’Apta-&nv
1886 1176 2195 1259 -φιέναι
2258 1182 2375 1259 σφι
2435 1178 2538 1242 τὸν
2612 1175 2987 1243 Ἀπόλλωνα

601 1284 930 1350 ἀπικέσθαι
997 1284 1057 1356 ἐς
1119 1286 1228 1360 τὴν
1287 1284 1490 1364 χώρην
1554 1284 1657 1349 καὶ
1724 1283 1975 1358 αὑτός
2038 1285 2090 1349 οἱ
2140 1280 2415 1348 ἕπεσθαι.
2486 1283 2621 1350 Nec
2667 1289 2989 1370 praeterea

521 1442 526 1447 .
601 1391 914 1476 ejusmodi
975 1390 1328 1457 anomaliae
1398 1412 1510 1476 per
1577 1394 2001 1477 conjecturam
2072 1392 2327 1457 restitui
2399 1390 2662 1469 debent,
2734 1390 2989 1457 etiamsi

599 1518 788 1564 nemo
834 1517 940 1564 eas
985 1498 1131 1563 sede
1177 1503 1464 1575 moveat,
1519 1498 1724 1563 sicubi
1770 1501 1838 1562 in
1885 1496 2067 1563 libris
2114 1500 2459 1564 occurrant.

693 1711 898 1779 Verba
961 1716 1110 1776 sunt
1165 1710 1505 1777 Persarum
1559 1711 1638 1777 ad
1687 1710 1965 1798 Argivos
2013 1708 2129 1774 VII
2183 1708 2347 1775 150:
2394 1708 2535 1775 οὔτε
2582 1707 2781 1789 ἡμέας
2831 1709 2986 1783 οἰκὸς

601 1816 702 1884 ἐπὶ
753 1816 894 1887 τοὺς
942 1816 1266 1897 ἡμετέρους
1319 1814 1642 1897 προγόνους
1692 1816 2131 1897 ςρατεῦεσθαι,
2178 1814 2320 1881 οὔτε
2372 1816 2571 1895 ὑμέας
2622 1817 2767 1895 ἡμῖν
2816 1818 2987 1882 ἄντι-

601 1922 768 2001 &douc
817 1923 1135 2007 γενέσθαι,
1187 1924 1364 1989 ἄλλα
1413 1923 1558 2005 παρ’
1607 1926 1752 2002 ὑμῖν
1798 1925 2033 1989 αὐτοῖσι
2074 1923 2333 2003 ἡσυχίην
2366 1921 2705 2003 ἔχοντας
2758 1931 2989 1999 κατῆσ-

603 2031 732 2108 θαι,
793 2030 901 2095 sed
962 2036 1197 2116 quanto
1260 2030 1617 2119 elegantius
1686 2032 1843 2095 erit:
1896 2030 2158 2111 ἡσυχίην
2205 2030 2549 2112 ἔχοντες
2601 2034 2982 2105 κατῆσθε.

605 2136 682 2200 In
743 2135 964 2201 eodem
1027 2139 1234 2221 capite
1292 2138 1361 2201 in
1411 2137 1755 2202 bimembri
1800 2139 2113 2202 sententia
2164 2138 2262 2202 bis
2306 2136 2661 2215 μεταιτέειν
2708 2136 2983 2225 legitur:

603 2244 778 2328 prius
842 2244 1190 2308 necessario
1251 2242 1747 2331 expungendum
1808 2246 1921 2307 est.
2015 2242 2311 2330 Longum
2376 2242 2590 2309 locum
2640 2243 2989 2311 describere

601 2370 724 2415 non
773 2370 931 2435 opus
981 2353 1096 2415 est.

697 2561 913 2642 Ξέρξης
981 2561 1328 2643 ἀπέπεμψε
1390 2566 1602 2628 ταῦτα
1663 2560 2027 2642 λέγοντα
2074 2561 2335 2644 κήρυκα,
2390 2561 2516 2630 VII
2566 2562 2716 2630 151.
2760 2562 2987 2632 Nonne

603 2671 708 2749 ἀγ
729 2695 775 2749 7
798 2695 826 2734 ε
847 2667 1187 2736 Maura?
1257 2669 1500 2736 Deinde
1548 2670 1913 2736 Herodotus
1960 2672 2138 2756 ponit
2186 2690 2330 2736 eam
2378 2673 2756 2736 sententiam
2796 2690 2991 2756 quam

600 2777 910 2843 Horatius
971 2780 1221 2844 ornavit
1283 2779 1350 2841 in
1407 2779 1616 2862 prima
1676 2779 1899 2842 satira:
1971 2776 2367 2855 ἐγκύψαντες
2437 2775 2513 2842 ἄν
2584 2777 2643 2850 ἐς
2715 2777 2801 2841 τὰ
2871 2781 2988 2842 τῶν

604 2883 805 2955 πέλας
868 2883 1084 2948 κακὰ
1125 2884 1456 2954 ἀσπασίως
1506 2879 1711 2950 ἕκαςοι
1764 2884 1965 2948 αὐτῶν
2015 2883 2435 2962 ὥποφεροίατο
2481 2884 2672 2965 ὀπίσω
2719 2883 2805 2949 τὰ
2854 2883 2989 2958 ἐση-

605 2990 899 3054 νείκαντο.
970 2990 1184 3074 Atqui·
1217 2988 1368 3054 licet
1415 3009 1548 3054 esse
1598 2989 1824 3055 beatis.
1897 2988 2022 3055 Sed
2070 2989 2411 3056 delendum
2461 3014 2557 3056 κα
2580 2989 2701 3054 κα.

694 3203 840 3269 VII.
911 3201 1076 3271 1723
1144 3202 1454 3268 Θεσσαλοὶ
1537 3201 1642 3267 ὑπ’
1702 3202 2055 3280 οἱναγκαίης
2114 3203 2184 3267 τὸ
2242 3208 2470 3283 πρῶτον
2532 3203 2833 3281 ἐμήδισαν
2894 3204 2987 3276 ὡς

602 3309 872 3386 διέδεξαν
937 3307 1028 3376 ὅτι
1092 3309 1161 3376 οὔ
1207 3318 1322 3392 σφι
1373 3307 1585 3385 ἥνδανε
1634 3309 1721 3374 τοὶ
1772 3309 1823 3374 οἱ
1877 3308 2215 3376 Ἀλευάδαι
2266 3311 2698 3397 ἐμηχανέοντο.
2781 3308 2987 3397 Lege:

605 3442 641 3483 κ
660 3418 735 3484 αὶ
787 3414 1080 3494 διέδεξαν.

695 3629 852 3696 VII.
907 3625 1071 3697 178:
1123 3629 1174 3694 οἶ
1219 3627 1523 3704 Ἕλληνες
1568 3629 1844 3708 ἐβοήθεον
1889 3627 2520 3731 διαταχθέντες.
2585 3628 2756 3696 Imo:
2798 3627 2987 3708 δίχα

605 3736 1087 3817 ταχθέντες.

695 3951 770 4017 In
817 3949 1050 4018 Codice
1096 3949 1384 4016 Romano
1431 3956 1598 4016 recte
1644 3949 1889 4037 legitur
1934 3948 2062 4016 VII
2116 3948 2278 4014 183:
2328 3953 2538 4016 ταῦτα
2588 3949 2990 4016 πυνθάνονται

605 4056 737 4123 διὰ
785 4063 1129 4136 πυρσῶν,
1181 4055 1291 4121 sed
1337 4056 1548 4121 editur
1584 4055 1811 4134 hodie,
1851 4077 2012 4141 quae
2054 4055 2407 4122 multorum
2450 4055 2758 4123 Oodicum
2799 4056 2990 4122 lectio

605 4168 736 4247 eet,
797 4164 1007 4243 παρὰ
1069 4167 1400 4242 πυρσῶν,
1465 4161 1735 4228 ridicule
1796 4165 1895 4227 uti
1941 4163 2151 4239 vides,
2201 4183 2349 4227 nam
2400 4163 2637 4229 frustra
2684 4170 2781 4229 est
2826 4161 2991 4228 Stei-

603 4269 783 4351 niuS,
842 4270 954 4351 qui
1015 4269 1469 4352 interpretatur
1533 4268 1705 4347 παρὰ
1727 4318 1744 4352 ,
1808 4269 1905 4332 als
1961 4269 2137 4333 sollte
2197 4269 2297 4334 ein
2344 4271 2695 4353 personaler
2757 4269 3001 4356 Beqriff

607 4370 1073 4458 (πυρσευόντων)
1129 4375 1364 4461 folyen.
1449 4372 1891 4462 ¹Intelligimus
1952 4383 2168 4440 autem
2234 4375 2397 4440 unde
2462 4377 2699 4442 vitium
2763 4381 2990 4441 natum

568 4482 715 4576 sit,
782 4497 931 4542 nam
993 4478 1118 4545 duo
1180 4479 1422 4546 codices
1487 4479 1657 4560 παρὰ
1726 4487 1963 4562 Περσῶν
2024 4481 2259 4548 habent
2320 4482 2537 4568 itaque
2608 4483 2989 4567 praepositio
