3436 5161
1314 392 1405 443 An
1446 393 1848 445 rnonrom.
2155 400 2161 406 ·
2646 375 2773 441 131

486 558 949 650 Corrigendum
1022 566 1179 647 puto
1244 576 1318 628 ut
1383 566 1647 630 minuc
1713 564 1888 629 miles
1959 562 2184 641 <illc>
2254 522 2596 627 Plautinus
2622 608 2636 627 .
2665 611 2680 623 .
2713 610 2728 625 .
2757 614 2771 630 .

388 668 651 753 ylorioce
684 671 1096 755 praedicaret.
1167 667 1389 749 Solum
1435 672 1748 735 nimirum
1794 668 2358 757 Pyrgopolinicem
2398 672 2728 757 cogitavit.

481 878 699 945 ΕΡῙΒΤ.
769 878 875 965 12,
937 899 997 946 P.
1066 878 1194 945 182
1243 880 1322 946 de
1370 879 1679 947 Victorini
1727 882 1829 945 sui
1873 878 2072 949 filiolo
2116 881 2272 947 haec
2318 882 2569 946 scribit:
2624 905 2776 947 uva-

390 1009 535 1050 rum
580 989 973 1052 avidissimus
1018 1000 1143 1064 e8t,·
1182 989 1469 1075 primum
1512 989 1768 1074 denique
1816 987 1973 1054 hum
2009 989 2206 1053 cibum
2243 988 2786 1089 deqluttivit‚

386 1115 491 1158 nec
550 1096 805 1158 cessavit
856 1116 977 1181 per
1038 1105 1197 1159 totos
1248 1114 1443 1181 paene
1512 1096 1642 1158 dies
1702 1106 1816 1159 aut
1861 1096 2074 1179 linqua
2121 1094 2385 1185 lambere
2432 1117 2618 1159 uvam
2663 1108 2778 1163 aut
2854 1107 2858 1113 '

393 1199 585 1265 labris
632 1202 867 1265 eaviari
910 1224 983 1267 ac
1023 1202 1287 1285 yinyivie
1336 1199 1617 1267 lacescere
1640 1204 1735 1283 {qao
1781 1201 2116 1287 ludificari.

485 1304 718 1370 Risum
782 1310 999 1371 movet
1063 1306 1443 1391 deqluttivit,
1512 1306 1677 1391 quod
1695 1352 1713 1385 ‚
1772 1326 1972 1391 quum
2031 1304 2109 1371 de
2171 1306 2304 1374 sera
2347 1308 2552 1373 bestia
2595 1306 2784 1374 avide

392 1410 689 1495 praedam
756 1410 1094 1477 devorante
1156 1416 1327 1477 recte
1390 1412 1673 1493 dicatur,
1733 1412 1814 1477 eb
1859 1410 2176 1479 infantulo
2221 1432 2418 1477 uvam
2463 1412 2784 1479 lambente

395 1521 460 1581 et
508 1519 793 1585 saviente
838 1536 1093 1603 prorsus
1139 1516 1423 1584 alienum
1474 1524 1651 1604 puto.
1722 1517 1973 1585 Scribas
2021 1536 2253 1603 quaeso
2289 1520 2378 1583 de
2387 1521 2779 1605 quetavit.

484 1698 703 1797 EPIS'P.
769 1727 873 1809 14,
936 1748 993 1796 P.
1067 1728 1197 1795 183
1244 1733 1313 1796 in
1359 1734 1634 1797 oratione
1678 1728 1964 1818 Bithyna
1987 1778 2002 1795 .
2034 1776 2050 1793 .
2078 1776 2095 1794 .
2127 1779 2142 1796 .
2190 1730 2391 1795 multa
2436 1740 2580 1795 cunt
2623 1750 2781 1795 nova

396 1838 651 1914 addita,
699 1849 769 1902 ut
814 1838 1110 1914 arbitror,
1158 1859 1283 1901 non
1327 1839 1735 1902 inornate.

487 1941 562 2008 V.
626 1946 908 2008 inornate
968 1942 1141 2008 Maio
1203 1942 1485 2008 debetur.
1577 1941 1793 2008 Codex
1853 1942 2048 2009 habet
2117 1941 2169 2010 G
2196 1991 2211 2007 .
2240 1940 2496 2008 ONU'P.
2589 1940 2781 2005 Haud

394 2050 525 2114 scio
573 2068 655 2115 an
702 2052 977 2133 praestet
1021 2073 1143 2114 non
1193 2050 1630 2113 incondite.
1704 2047 1806 2115 Of.
1858 2046 1992 2115 Cic.
2042 2048 2120 2114 de
2168 2047 2278 2114 Or.
2326 2047 2438 2114 ΙΙΙ.
2491 2046 2594 2112 44.
2651 2043 2778 2113 175

394 2161 460 2222 et
509 2158 647 2242 ipse
693 2155 956 2233 Fronto,
1011 2175 1068 2240 p.
1126 2154 1277 2219 114.

482 2370 701 2437 EPls'P.
770 2368 876 2456 15,
937 2389 995 2435 P.
1066 2368 1195 2435 184
1257 2372 1581 2435 dixeram.
1613 2417 1628 2434 .
1659 2415 1673 2433 .
1704 2417 1720 2433 .
1785 2373 1938 2435 satie
1997 2391 2094 2435 me
2155 2369 2476 2454 diligenter
2537 2368 2604 2431 in
2656 2368 2782 2431 ieta

394 2480 669 2545 oratione
715 2479 1120 2564 coniecturam
1134 2522 1150 2554 ,
1196 2499 1351 2563 quae
1394 2478 1461 2541 in
1507 2478 1762 2541 crimine
1807 2478 2137 2541 nmndatae
2182 2476 2381 2540 caedis
2425 2484 2776 2549 verteretur,

394 2587 786 2650 divisisse
832 2585 1211 2669 aryumentie
1258 2607 1329 2648 ac
1383 2583 1709 2668 refutasse.

484 2691 609 2758 Pro
672 2693 945 2757 divisisse
1004 2691 1317 2756 sententia
1378 2688 1631 2776 flagitat
1690 2688 2062 2753 diluisse.
2149 2685 2251 2752 Of.
2310 2684 2482 2754 Gell.
2542 2686 2646 2764 11,
2711 2682 2776 2751 7.

400 2797 520 2862 14:
571 2797 834 2863 refutari
879 2817 953 2862 ec
996 2795 1185 2874 dilui;
1240 2793 1334 2863 Id.
1386 2793 1629 2860 XVIII.
1681 2793 1784 2862 13.
1839 2792 1914 2859 6:
1970 2793 2212 2860 diluere
2257 2813 2332 2860 eo
2377 2790 2682 2860 refellere.

348 3085 355 3093 ,
484 3009 701 3076 EPIS‘P.
755 3008 863 3086 24,
911 3027 971 3075 P.
1025 3007 1155 3075 188
1201 3031 1389 3096 neque
1433 3011 1595 3074 enim
1638 3031 1776 3074 cum
1821 3008 1948 3073 alio
1990 3007 2118 3073 ullo
2163 3019 2344 3073 tanta
2387 3006 2544 3071 mihi
2579 3006 2777 3089 fami-

394 3115 641 3182 liaritas
701 3128 791 3182 eet
841 3129 954 3181 aut
999 3129 1211 3181 tantus
1256 3139 1405 3182 usus
1448 3117 1797 3183 studiorum
1841 3115 2258 3201 bonarumque
2301 3115 2538 3180 artimn
2581 3136 2612 3178 c
2628 3135 2665 3178 o
2678 3136 2777 3177 m-

395 3224 886 3288 municandi.

484 3325 733 3405 Imm0‚
780 3330 835 3393 si
883 3328 1037 3412 quid
1085 3327 1303 3404 video,
1352 3328 1998 3392 communicatio.

484 3527 691 3596 anu
738 3528 845 3612 11,
890 3527 1109 3595 Emer.
1163 3525 1226 3603 4,
1275 3545 1313 3591 P
1363 3523 1527 3591 191:
1566 3525 1780 3612 fecisti
1803 3571 1818 3588 .
1851 3572 1866 3588 .
1893 3571 1908 3588 .
1953 3546 2080 3612 pro
2127 3535 2237 3589 tua
2269 3537 2570 3614 perpetua
2607 3547 2779 3590 con-

394 3657 528 3700 sue
547 3648 572 3699 t
590 3639 695 3700 ud
708 3637 836 3700 ine
880 3647 939 3700 et
981 3636 1349 3720 beniynitate
1368 3679 1383 3710 ‚
1428 3635 1595 3720 quod
1638 3631 1991 3697 Fabianum
2018 3678 2033 3694 .
2063 3677 2080 3696 .
2107 3677 2123 3694 .
2173 3643 2412 3698 tutatus
2455 3654 2532 3697 es.

484 3735 835 3807 Contextus
878 3738 1160 3824 postulat
1204 3763 1269 3804 m
1285 3763 1325 3804 a
1340 3763 1383 3804 n
1399 3762 1430 3803 s
1446 3762 1489 3803 u
1502 3751 1569 3805 et
1585 3762 1628 3801 u
1639 3739 1685 3804 d
1697 3740 1724 3803 i
1736 3763 1779 3802 n
1793 3759 1824 3803 e
1869 3749 1926 3804 et
1970 3737 2359 3822 bmt'quitate.

486 3953 705 4021 ΕΡΙΒΤ.
761 3952 825 4038 ’7,
869 3972 932 4019 Ρ.
983 3951 1115 4018 192
1162 3955 1314 4020 sicat
1360 3973 1459 4018 eos
1506 3953 1617 4040 qui
1657 3952 1822 4017 dicta
1855 3949 2158 4037 factaque
2201 3961 2354 4014 tua.
2381 3993 2398 4010 .
2424 3993 2442 4012 .
2490 3950 2784 4023 maximis

400 4062 686 4127 laudibus
740 4062 967 4148 ferunt
988 4106 1004 4138 ,
1068 4060 1261 4124 laetus
1307 4083 1377 4126 ac
1423 4059 1609 4125 liberae
1653 4060 1840 4122 audio
1859 4102 1876 4134 ‚
1923 4059 2018 4122 ita
2059 4058 2116 4120 si
2159 4057 2297 4142 quis
2343 4056 2499 4142 quid
2541 4075 2783 4122 remur-

310 4199 315 4203 ·
400 4181 616 4233 murat
660 4181 773 4233 aut
817 4168 863 4232 d
876 4190 905 4232 e
912 4191 965 4254 p
982 4188 1065 4231 re
1080 4188 1161 4230 ca
1178 4177 1203 4232 t
1218 4190 1331 4243 ur,
1378 4165 1577 4229 multo
1622 4161 2037 4250 scrupulosius
2081 4161 2377 4228 ausculto.

483 4273 610 4339 Pro
659 4276 1045 4361 deprecatur,
1090 4271 1260 4356 quod
1300 4272 1381 4335 ab
1426 4269 1546 4334 boc
1582 4268 1722 4334 loco
1762 4287 2015 4354 prorsus
2037 4266 2319 4332 alienum
2341 4313 2358 4346 ‚
2381 4271 2784 4334 detrectat
2841 4275 2846 4278 '

396 4380 691 4468 legerim.
763 4378 1093 4445 Laudibus
1137 4379 1299 4444 ferre
1344 4382 1411 4442 et
1454 4375 1802 4442 detrectare
1845 4375 2020 4440 enim
2067 4379 2237 4440 recte
2281 4376 2448 4440 inter
2485 4394 2554 4441 se
2591 4394 2780 4459 oppo-

392 4493 655 4559 nentur.

2467 4603 2500 4652 9
