3436 5161
1109 406 1430 459 nmosus
1477 407 1564 456 nn
1608 406 2028 458 ons-romnus.
2633 390 2762 458 261

381 593 450 639 se
503 574 642 658 ipse
701 572 780 639 de
841 577 1016 639 stetu
1077 595 1194 641 suo
1239 573 1434 640 deicit
1480 580 1547 640 et
1592 571 1966 640 firmitatem
2016 575 2287 641 amittit.
2356 576 2448 640 At
2494 595 2643 642 vero
2687 581 2763 643 ut

375 679 432 744 is
496 679 760 744 demum
818 678 1139 767 gladiator
1195 679 1363 746 deici
1421 688 1590 746 recte
1655 681 1923 760 dicitur,
1989 683 2101 766 qui
2169 686 2429 746 externa
2486 682 2762 767 quadam

377 788 445 854 vi
466 833 480 860 ,
552 793 627 850 ut
687 791 846 870 puta
905 786 985 851 ab
1047 786 1406 853 adversario
1451 785 1669 865 illata,
1722 786 1801 852 de
1844 785 2050 874 gradu
2098 786 2505 867 demovetur,
2554 771 2651 856 ita
2694 793 2765 856 in

378 899 690 958 oratorem
710 939 726 970 ,
793 894 902 977 qui
964 894 1218 978 proprio
1277 892 1491 958 studio
1555 899 1618 958 et
1677 892 2031 978 cupiditate
2094 893 2441 978 abripitur,
2504 895 2765 961 deiectus

379 1001 649 1065 minime
708 1001 1020 1065 convenit.
1081 1035 1163 1048 —-
1211 997 1632 1064 Scribendum
1672 1003 1829 1084 puto
1869 999 2315 1064 devinctus.
2376 999 2604 1067 Studio
2652 1001 2763 1068 de-

377 1107 632 1171 vinctus
689 1103 932 1190 legitur
991 1105 1161 1190 apud
1223 1105 1596 1171 Lucretium
1618 1154 1637 1188 ‚
1703 1103 1811 1170 IV.
1879 1103 2012 1172 962
2070 1109 2136 1171 et
2194 1105 2575 1172 Frontonem
2600 1154 2617 1187 ,
2686 1108 2763 1174 de

377 1209 555 1276 feriis
600 1211 872 1277 Alsiens.
920 1232 982 1297 p.
1032 1208 1165 1277 226
1217 1211 1280 1277 N
1282 1212 1422 1297 ab.;
1469 1211 1703 1276 studiis
1746 1212 2079 1278 devinctus
2130 1210 2302 1296 apud
2358 1209 2723 1280 Ciceronem
2744 1263 2761 1292 ,

379 1317 578 1402 Epist.
630 1317 710 1383 ad
757 1318 907 1383 fam.
958 1316 1071 1382 111.
1125 1315 1232 1383 13.
1277 1316 1341 1382 2.
1393 1355 1476 1366 -
1526 1314 1682 1384 Cod.
1728 1317 2187 1403 Neapolitanus
2232 1317 2428 1383 habet
2472 1321 2763 1388 devectus.

473 1528 581 1596 28.
648 1529 810 1596 Nam
864 1531 1097 1614 pridem
1155 1553 1302 1595 suus
1362 1537 1570 1617 cuique
1626 1533 1835 1616 fibim,
1900 1554 1972 1596 ex
2034 1540 2199 1596 casta
2246 1538 2507 1613 parente
2550 1541 2729 1598 natue
2746 1582 2767 1618 ,

379 1660 496 1704 uon
557 1636 626 1700 in
682 1639 842 1701 cell
861 1659 900 1702 a
945 1646 1171 1721 emptae
1212 1643 1497 1716 nutricis,
1544 1639 1653 1702 sed
1693 1641 1763 1704 in
1802 1641 2025 1722 gremio
2069 1661 2141 1702 ac
2189 1639 2329 1702 sinu
2375 1644 2583 1702 matris
2628 1642 2768 1704 edu-

380 1747 645 1808 cabatur.

469 1849 692 1915 Minus
747 1853 896 1934 apte
954 1851 1124 1915 inter
1183 1871 1252 1915 se
1311 1857 1716 1935 opponuntur
1776 1851 1928 1915 cella
1990 1857 2056 1916 et
2110 1856 2393 1932 qremium
2453 1873 2525 1914 ao
2577 1851 2769 1918 cinus.

379 1951 752 2042 Cori-igetur
797 1973 1027 2039 quaeso
1071 1975 1197 2021 non
1233 1955 1302 2019 in
1348 1956 1542 2019 ulna
1578 1966 1805 2039 emptae
1848 1957 2125 2022 nutricio.
2177 1993 2261 2006 -
2310 1953 2574 2022 Codices
2619 1955 2761 2022 MS.

378 2080 597 2126 omnes
642 2060 879 2125 habent
917 2061 1148 2124 cellam.

471 2271 580 2340 32.
658 2273 832 2354 Quod
889 2275 1036 2338 adeo
1095 2274 1420 2358 neqliqitur
1479 2274 1553 2337 ab
1614 2274 1821 2338 horum
1882 2281 2199 2358 temporum
2259 2275 2505 2340 dicertis
2520 2322 2537 2354 ,
2587 2281 2653 2339 ut
2700 2275 2768 2340 in

377 2380 708 2454 actionibus
745 2401 1001 2444 eorum
1049 2385 1168 2444 via
1205 2402 1431 2466 quoque
1468 2380 1811 2465 quotidiani
1852 2382 2137 2446 eermonie
2158 2381 2351 2467 foeda
2384 2405 2457 2446 ac
2475 2381 2767 2465 pudenda

380 2487 528 2550 vitia
575 2485 1108 2570 deprehendantur,

469 2596 749 2659 Annotat
789 2592 1142 2657 Andresen:
1188 2592 1461 2671 „horum
1502 2592 1845 2658 verborum
1882 2596 2053 2658 certa
2093 2592 2301 2658 adhuc
2342 2593 2518 2658 deest
2555 2613 2765 2657 emen-

379 2699 581 2784 datio,
633 2699 928 2783 quamvis
971 2696 1328 2784 probabiles
1373 2697 1657 2784 prolatae
1707 2700 1838 2763 sint
1876 2700 2295 2764 coniecturae.
2339 2698 2482 2763 Hoc
2519 2704 2767 2763 constat

376 2805 704 2869 ἀσύνδετον
762 2804 916 2870 ferri
977 2825 1102 2869 non
1165 2824 1346 2890 posse
1365 2852 1381 2881 ,
1444 2803 1610 2889 quod
1674 2806 1734 2869 ei
1798 2804 2176 2882 defendunt,
2243 2806 2355 2890 qui
2411 2805 2479 2870 in
2549 2804 2765 2869 locum

377 2909 674 2977 vocabuli
733 2911 827 2975 vie
886 2910 1288 2975 substituunt
1351 2909 1527 2976 aliud
1593 2910 2095 2976 substantivum.
2178 2910 2278 2976 Ne
2337 2910 2457 2976 hoc
2503 2910 2764 2996 quidem

377 3016 728 3086 verisimile
791 3022 921 3093 est,
985 3016 1112 3082 duo
1169 3015 1290 3081 hoc
1350 3015 1488 3081 loco
1533 3018 1958 3082 recentiorum
2007 3022 2329 3083 oratorum
2378 3018 2542 3083 vitia
2586 3037 2765 3083 com-

377 3130 730 3190 memorata
787 3122 1020 3208 fuisse;
1085 3124 1289 3188 immo
1348 3125 1650 3207 quoniam
1707 3126 2049 3208 genetivus
2096 3123 2439 3208 quotidiani
2481 3122 2767 3187 aer-monis

379 3250 526 3295 cum
576 3231 704 3312 eis,
753 3249 916 3314 quae
963 3235 1300 3305 secuntur,
1349 3229 1831 3316 coniungendas
1876 3234 2009 3313 est,
2058 3230 2123 3292 in
2169 3228 2385 3294 locum
2423 3228 2763 3293 verborum

377 3336 469 3402 vie
512 3358 738 3422 quoque
782 3334 1300 3400 substituendum
1351 3337 1473 3400 erit
1523 3334 1628 3402 vel
1675 3354 2022 3420 pronomen
2071 3333 2175 3401 vel
2222 3334 2598 3400 adverbium
2648 3333 2767 3400 ali·

293 3506 296 3510 ,
379 3442 544 3527 quod
564 3491 583 3525 ‚
630 3444 724 3506 ita
769 3448 844 3505 ut
885 3460 958 3505 ea
997 3459 1159 3524 quae
1202 3446 1502 3505 secuntur
1539 3442 1720 3525 qnasi
1762 3461 1888 3505 una
1926 3439 2483 3525 comprehensione
2508 3446 2765 3506 tenean-

379 3548 550 3613 tur”.
623 3546 829 3624 Haec,
883 3548 940 3611 si
985 3546 1140 3631 quid
1186 3546 1409 3623 video,
1455 3552 1623 3611 recte
1671 3546 1997 3631 disputata
2043 3552 2231 3622 sunt,
2270 3548 2395 3610 nisi
2436 3544 2603 3630 quod
2642 3567 2766 3611 non

378 3672 726 3738 pronomen
791 3650 894 3718 vel
963 3651 1337 3717 adverbium
1414 3651 1755 3716 desiderari
1823 3653 2120 3716 existimo
2188 3650 2267 3715 ad
2338 3650 2763 3735 corruptelam

379 3760 722 3825 sanandam
743 3808 762 3843 ,
826 3758 933 3823 sed
1009 3759 1222 3843 potius
1293 3758 1708 3823 adiectivum.
1805 3756 2140 3823 Medocina
2208 3762 2424 3821 autem
2496 3758 2766 3841 petenda

377 3866 634 3932 videtur
693 3885 772 3929 ex
825 3861 1244 3940 Quintiliane,
1299 3862 1446 3947 qui,
1495 3861 1617 3927 XI.
1670 3861 1733 3927 1.
1786 3859 1863 3947 6,
1909 3862 2065 3927 haec
2114 3868 2367 3926 monet:
2418 3882 2601 3947 neque
2644 3862 2767 3923 hu·

378 3972 562 4036 mile
622 3982 800 4056 atquo
858 3968 1412 4055 quotidianum
1468 3973 1751 4033 aermon&
1804 3991 1993 4051 qaum
2054 3975 2111 4033 et
2166 3967 2575 4049 compoaeitione
2634 3968 2767 4050 ipea

376 4078 724 4142 diuolucum
789 4079 1028 4159 epiloyis
1090 4074 1374 4139 dabimus.
1448 4072 1857 4140 Restituatur
1913 4076 2120 4161 igitur
2164 4074 2203 4137 k
2226 4096 2333 4137 um
2349 4073 2376 4138 i
2392 4074 2498 4139 lio
2542 4095 2769 4160 quoque

380 4186 560 4257 <et>
609 4180 948 4268 quotidiam·
991 4181 1292 4245 eet-monia.
1346 4181 1594 4266 (mavis
1609 4208 1630 4246 .-
1673 4180 1967 4266 humilis).

471 4392 578 4461 33.
654 4394 858 4460 Cetera
926 4402 1221 4480 aspecto,
1284 4404 1389 4473 ut,
1454 4394 1933 4481 quemadmodum
1980 4416 2052 4457 ea·
2095 4400 2155 4457 te
2197 4392 2421 4471 didici,
2469 4394 2619 4479 quid
2660 4402 2767 4460 aut

375 4502 482 4567 iai
538 4501 786 4567 scierint
845 4508 952 4567 aut
1011 4524 1118 4566 nos
1162 4502 1491 4567 nesciamus
1508 4548 1524 4579 ,
1577 4502 1668 4566 ita
1713 4505 1823 4565 Ιιοο
1866 4522 2091 4587 quoque
2135 4522 2467 4581 coquo-scam
2485 4546 2504 4578 ,
2552 4501 2767 4584 quibus

2406 4620 2471 4673 1⁷
