3436 5161
1457 358 1779 407 nonanus.
2284 404 2287 409 ,
2678 340 2811 405 215

411 529 726 609 remedio,
775 528 942 614 quod
989 532 1173 595 acute
1215 528 1606 615 excogitavit
1653 526 1900 593 amicus
1944 546 2128 593 meus
2176 524 2651 604 Hartmaunus,
2704 530 2801 592 est

418 635 772 704 sanandusz
2238 620 2245 628 ’

685 737 757 805 αἴ
801 740 868 805 κέ
910 724 1013 818 μοι
1060 736 1136 811 ὦς
1185 747 1478 817 μεμαυῖα
1522 737 1961 822 παρασταίης,
2009 744 2366 817 γλαυκῶπι.

407 846 575 915 Cum
621 867 748 914 non
792 849 1061 933 protasis
1107 846 1262 913 haec
1307 847 1394 912 sit
1439 846 1546 912 sed
1594 848 1908 912 sententia
1952 868 2064 931 per
2110 866 2176 911 se
2215 844 2537 925 absoluta,
2581 846 2801 913 111881-

406 955 646 1021 festum
711 958 808 1021 est
867 953 1108 1022 vitium
1160 952 1373 1019 latere.
1441 950 1515 1017 In
1561 953 1856 1037 precibus
1900 958 2119 1018 autem
2164 972 2289 1017 non
2336 950 2407 1017 αἴ
2450 976 2519 1017 κε
2567 952 2676 1017 sed
2723 954 2789 1017 αἱ

411 1060 536 1141 γὰρ
597 1062 976 1146 requiritur,
1026 1063 1242 1145 itaque
1285 1077 1412 1124 non
1458 1058 1680 1125 dubito
1726 1060 1879 1145 quin
1926 1080 2076 1125 cum
2124 1056 2239 1124 illo
2286 1060 2424 1125 viro
2473 1058 2657 1125 docto
2703 1057 2793 1125 le-

410 1167 694 1255 gendum
743 1168 862 1233 sit:

777 1272 842 1337 αἱ
891 1270 1020 1353 γάρ
1063 1276 1135 1351 μ’
1181 1266 1258 1343 ὧς
1303 1276 1592 1352 μεμαυῖα
1639 1269 2036 1353 παρασταίης
2056 1320 2075 1347 ,
2125 1276 2486 1349 γλαυκῶπι.

979 1487 1016 1571 5
1063 1484 1125 1552 2.
1197 1484 1293 1551 De
1331 1485 1586 1568 yeniuvi
1623 1483 1952 1567 simularie
1984 1482 2227 1569 formis.

501 1700 596 1766 De
657 1700 882 1767 formis
943 1701 1112 1777 ἐμεῖο
1174 1706 1296 1764 σεῖο
1345 1706 1457 1763 εεῒο
1503 1696 1669 1763 nihil
1717 1700 1815 1764 est
1859 1696 2171 1774 dubium;
2222 1698 2347 1763 etsi
2390 1694 2626 1761 ultima
2670 1716 2795 1762 non

415 1808 540 1873 nisi
584 1826 709 1873 uno
757 1806 893 1872 loco
939 1805 1024 1892 (Δ
1081 1804 1241 1891 400)
1290 1805 1585 1905 occurrit.

500 1912 830 1979 Breviores
890 1934 1138 1998 quoque
1201 1912 1441 1977 formae
1501 1909 1641 1987 ἐμέο
1703 1908 1805 1976 σέο
1853 1907 1939 1975 τέο
1986 1908 2151 1974 nihil
2199 1909 2435 1976 habeut
2477 1908 2793 1993 notabile;

411 2020 620 2104 prima
665 2024 948 2105 superest
995 2027 1046 2083 K
1103 2016 1234 2083 124
1277 2037 1392 2083 nec
1436 2036 1706 2101 usquam
1758 2016 1938 2082 alibi.

501 2125 722 2210 Neque
772 2125 848 2191 de
893 2124 1105 2201 ἐμέθεν
1154 2123 1320 2190 σέθεν
1366 2124 1520 2189 εέθεν
1567 2123 1768 2189 habeo
1816 2122 1984 2208 quod
2032 2122 2384 2189 observem.

503 2228 628 2296 Sed
689 2231 1154 2297 dubitationem
1210 2230 1572 2317 legitimam
1623 2235 1885 2295 movent
1929 2229 2169 2294 formae
2213 2232 2569 2296 contractae
2608 2229 2757 2305 ἐμεῦ
2782 2276 2799 2307 ,

411 2360 533 2415 μευ
553 2384 572 2415 ,
624 2342 732 2402 σεῦ
753 2387 771 2422 ,
832 2363 948 2403 τευ.
1035 2340 1092 2403 A
1155 2338 1688 2403 contractionibus
1759 2337 1925 2401 enim
2000 2335 2153 2401 adeo
2215 2335 2510 2400 abhorret
2568 2335 2796 2423 lingua

409 2444 766 2522 homerica,
831 2449 908 2509 ut
968 2443 1080 2509 vix
1139 2443 1309 2510 ullae
1329 2490 1344 2521 ,
1413 2462 1572 2527 quae
1632 2442 1895 2526 quidem
1951 2443 2145 2507 vitari
2197 2446 2488 2525 poterant
2506 2488 2522 2517 ‚
2582 2443 2651 2505 in
2719 2462 2794 2508 ea

410 2551 539 2615 sint
599 2550 909 2616 ferendae.
981 2548 1220 2635 Operae
1279 2549 1482 2637 igitur
1542 2550 1823 2633 pretium
1874 2551 1969 2613 est
2016 2546 2361 2613 advertisse
2380 2593 2397 2626 ‚
2463 2554 2794 2612 contractae

407 2658 515 2720 has
550 2657 788 2744 formae
829 2679 1051 2744 semper
1086 2656 1229 2743 fere
1272 2656 1526 2738 reperiri
1572 2662 1710 2718 ante
1754 2655 2036 2730 vocalem,
2090 2654 2184 2718 ita
2221 2658 2294 2717 ut
2330 2652 2501 2719 ultro
2540 2674 2607 2719 se
2648 2653 2793 2719 offe·

407 2768 506 2829 rat
567 2766 878 2848 suspicio,
955 2784 1080 2828 non
1153 2782 1366 2828 veram
1429 2762 1590 2827 hanc
1651 2781 1785 2826 8888
1854 2762 2380 2836 contractionem,
2455 2760 2565 2824 sed
2631 2759 2789 2825 olim

407 2872 780 2955 pronomina
823 2869 958 2934 illis
1003 2869 1162 2936 10818
1195 2891 1312 2952 per
1361 2870 1658 2933 elisionem
1703 2867 1897 2932 fuisse
1945 2869 2377 2952 pronunciata.

430 3015 436 3022 -
499 2973 898 3063 Colligamus
945 2975 1115 3041 locos
1161 2979 1449 3057 8088108,
1498 2975 1553 3038 81
1592 2973 1779 3038 modo
1820 2972 2089 3038 Seberus
2130 2975 2216 3037 sit
2256 2972 2386 3036 dux
2426 2973 2531 3036 cui
2556 2970 2785 3038 confidi

403 3084 603 3167 possit
617 3102 636 3160 3
683 3103 832 3146 nam
873 3084 1007 3147 sin'e
1052 3084 1190 3147 eius
1229 3079 1470 3146 auxilio
1513 3065 1626 3146 vix⁸
1664 3079 1893 3164 pedem
1931 3081 2000 3142 in
2026 3077 2262 3144 talibus
2286 3077 2785 3162 quaestiunculis

402 3186 556 3253 licet
603 3207 990 3272 promovere.

493 3292 761 3358 Initium
809 3290 920 3359 fiat
965 3294 1046 3358 ab
1094 3293 1266 3369 ἐμεῦ.
1315 3309 1320 3314 ·

495 3399 675 3480 Quod
733 3400 804 3463 in
868 3400 1027 3474 ἐμεῖ’
1089 3404 1299 3484 potest
1361 3400 1594 3486 corrigi
1654 3408 1708 3463 A
1774 3394 1939 3475 541,
2006 3406 2033 3461 1
2096 3395 2267 3476 426,
2331 3407 2391 3463 Τ
2441 3395 2569 3476 62,
2614 3395 2785 3476 2¹73,

401 3515 456 3570 T
507 3503 670 3583 349,
737 3515 787 3570 Φ
837 3504 1008 3589 398,
1072 3529 1102 3583 ρ
1151 3505 1277 3583 43,
1339 3529 1378 3570 o·
1425 3502 1574 3569 268.
1647 3503 1745 3570 Ex
1789 3506 1927 3588 ipsa
1974 3503 2285 3570 librorum
2332 3503 2521 3570 MSS.
2572 3509 2784 3570 aucto-

397 3613 590 3676 ritate
638 3611 795 3686 ἐμεῖ’
845 3611 1116 3676 scribere
1161 3610 1314 3676 licet
1360 3611 1606 3676 duobus
1652 3609 1845 3688 10818,
1894 3620 1953 3674 Ψ
2000 3608 2130 3676 ’789
2173 3615 2236 3675 81
2274 3609 2495 3688 0462,
2521 3617 2587 3676 et
2609 3616 2782 3676 nota-

393 3715 525 3782 bile
573 3715 938 3803 exemplum
987 3720 1250 3782 rationis
1298 3737 1662 3802 perversae,
1709 3737 1835 3801 qua
1880 3716 2051 3781 haud
2098 3735 2237 3781 raro
2278 3715 2355 3781 de
2394 3718 2779 3801 quaestioni-

392 3821 513 3886 bus
573 3820 913 3888 homericis
974 3823 1334 3906 iudicatur‚
1413 3822 1714 3908 praebent
1784 3821 2190 3886 Thierschius
2260 3827 2325 3887 et
2395 3822 2776 3906 barochiae,

391 3929 506 4012 qui
566 3949 750 3993 verae
806 3929 960 3994 huic
1019 3931 1368 4014 scripturae
1391 3976 1408 4008 ,
1460 3929 1697 4014 ubique
1746 3927 2175 3996 restituendae
2194 3975 2211 4006 ,
2259 3927 2337 3994 de
2382 3948 2497 3995 suo
2542 3930 2778 3995 substi-

390 4037 580 4100 tuant
624 4035 798 4111 ἐμεῦ.
1996 4089 2004 4096 .

481 4137 553 4202 ln
619 4139 756 4214 ἐμέ’
825 4143 1064 4206 mutari
1132 4147 1338 4227 potest
1388 4143 1538 4219 ἐμεῦ
1591 4151 1616 4204 1
1669 4139 1841 4216 494,
1890 4151 1941 4206 X
1992 4138 2160 4218 236,
2210 4165 2251 4205 α
2304 4138 2466 4220 313,
2521 4140 2558 4206 δ
2606 4139 2773 4220 3¹70,

385 4268 418 4324 ρ
471 4243 598 4309 165
650 4265 722 4302 =
774 4271 813 4310 τ
863 4246 990 4311 311
1041 4248 1175 4330 (88ἀ
1223 4248 1323 4313 his
1368 4247 1525 4314 locis
1573 4247 1871 4336 gemellis
1915 4267 2028 4332 pro
2076 4245 2145 4323 ἐξ
2191 4247 2379 4324 ἐμεῦ,
2426 4250 2504 4322 ὥς
2553 4246 2630 4311 ἄν
2678 4250 2771 4322 τίς

385 4375 458 4416 σε
506 4351 1319 4436 συναντόμενοςμακαρίζοι
1369 4360 1648 4440 praestat
1698 4351 1765 4430 ἐξ
1812 4354 2060 4438 ἐμέθεν,
2108 4350 2181 4427 ὥς
2224 4348 2319 4426 ’τίς
2359 4377 2429 4419 σε
2452 4360 2595 4434 etc„
2621 4376 2772 4422 nam

385 4455 464 4523 ἄν
514 4457 856 4545 abundat),
905 4483 950 4524 τ
993 4457 1100 4524 93.
