3436 5161
654 296 787 365 208
1685 312 2005 385 nonanus.

743 492 800 547 Π
853 478 1018 545 5092
1063 476 1263 557 ὠρίνθη
1303 476 1368 542 δέ
1407 499 1483 541 τοι
1529 472 1664 554 ἦτορ
1709 474 1745 541 ὅ
1786 478 1971 549 <12⁹>
2018 478 2082 541 ού
2128 474 2351 543 δύνατο
2390 482 2802 558 προσαμῦναι.
2828 474 3045 565 Vulgo

654 587 691 655 ὅ
731 591 811 653 τ’.
884 584 1258 652 Confer-atur
1307 594 1346 649 Β
1398 581 1552 649 238.

744 706 797 761 Τ
847 690 1015 757 466:
1065 692 1308 767 νήπιος,
1375 688 1510 754 οὐδὲ
1576 688 1645 752 τὸ
1710 688 1877 753 νείδέ
1942 684 1980 753 ὅ
2039 689 2227 770 <ε’>
2296 690 2363 755 ού
2412 689 2731 757 πείσεσθαι
2786 686 3040 767 ἔμελλε.

652 801 821 867 Item
867 800 1004 864 loco
1051 794 1355 883 parallelo
1399 820 1446 871 y
1503 792 1654 859 146.

747 916 797 971 Φ
848 904 1014 969 490:
1066 902 1334 984 δεξιτερῇ
1382 901 1445 967 δέ
1496 902 1684 979 <ι·’>
1735 902 1850 966 ἀπ’
1889 901 2062 979 ὤμων
2106 901 2311 969 αἴνυτο
2353 902 2528 981 τόξα.
2569 900 2783 989 Vulgo
2821 901 2874 966 δ’
2917 900 3039 982 ἄρ’.

744 1036 772 1078 ο
821 1011 988 1077 470:
1037 1009 1238 1084 αὐτὰρ
1287 1008 1410 1085 ἐγώ
1463 1004 1652 1085 <r’>
1707 1007 1942 1084 ἑπόμην
1990 1007 2480 1091 ἀεσιφροσύνῃσι.
2802 1016 2807 1019 ’

740 1144 770 1199 ρ
821 1116 986 1183 568:
1037 1115 1178 1182 οὔτε
1226 1138 1286 1180 τι
1334 1112 1723 1193 Τηλέμαχος
1773 1113 1845 1178 τό
1890 1113 2109 1192 <μ’>
2152 1116 2481 1196 ἐπήρκεσεν
2521 1114 2661 1180 οὔτε
2701 1139 2793 1186 τις
2819 1111 3037 1183 ἄλλος.

557 1210 562 1213 ’
652 1225 872 1313 Vulgo
933 1222 1007 1289 τό
1069 1222 1138 1301 γ’
1187 1220 1295 1287 vel
1337 1220 1484 1285 τόδ’.
1567 1219 1847 1286 Verbum
1916 1222 2205 1300 ἐπαρκεῖν
2262 1222 2510 1289 nonnisi
2572 1221 2691 1287 hoc
2736 1242 2927 1288 versu
2974 1225 3041 1285 et

651 1344 694 1397 B
746 1329 879 1396 873
922 1331 1161 1416 legitur
1174 1348 1190 1406 ;
1239 1326 1437 1392 altero
1484 1345 1733 1411 quoque
1782 1326 1895 1391 illo
1944 1326 2081 1392 loco
2128 1328 2385 1393 additur
2421 1328 2679 1393 dativus
2716 1346 3036 1413 personae.

742 1462 784 1501 ω
833 1435 967 1501 200
1013 1456 1210 1520 paene
1253 1436 1333 1499 iis
1385 1434 1676 1502 versibus
1718 1438 1925 1517 potest
1966 1437 2371 1499 annumerari
2415 1437 2479 1499 in
2522 1435 2753 1519 quibus
2792 1438 3034 1498 certum

652 1550 827 1612 extat
861 1544 1304 1609 testimonium
1348 1540 1550 1603 dativi
1573 1561 1651 1602 rot
1684 1538 1842 1603 elisi.
1893 1536 2243 1605 Contextus
2267 1540 2559 1607 afferatur
2586 1537 3031 1627 (196-202):

1470 1645 1552 1724 τῷ
1601 1667 1676 1709 roe
1728 1645 1901 1717 κλέος
1948 1645 2019 1709 ού
2066 1648 2203 1710 ποτ’
2251 1648 2488 1711 ὀλεῖται

1008 1760 1107 1827 τῆς
1155 1754 1412 1835 αρετῆς,
1463 1750 1741 1827 τεύξουσι
1788 1752 1839 1813 δ’
1890 1752 2312 1831 ἐπιχθονίοισιν
2362 1753 2565 1827 οὶοιδην

1011 1853 1302 1925 ἀθάνατοι
1353 1860 1700 1939 χαρίεσσαν
1752 1856 2036 1937 ἐχέφρονι
2088 1858 2504 1939 Πηνελοπείῃ,

1011 1968 1131 2045 οὐχ
1185 1968 1262 2037 ὥς
1311 1962 1634 2043 Τυνδαρέω
1683 1962 1859 2043 κούρη
1910 1964 2081 2029 κακοὶ
2129 1966 2375 2041 μήσατο
2426 1964 2645 2044 τέργα,

1008 2071 1291 2151 κουρίδιον
1348 2071 1651 2134 κτείνασα
1699 2068 1911 2148 πόσιν,
1964 2072 2232 2149 στυγερὴ
2282 2071 2345 2135 δέ
2401 2070 2589 2147 <12⁹>
2640 2069 2809 2143 ἀοιδὴ

1013 2176 1216 2243 ἔσσετ’
1266 2177 1362 2241 ἐπ’
1413 2176 1785 2255 ἀνθρώπους,
1836 2179 2136 2258 χαλεπὴν
2184 2176 2247 2241 δέ
2294 2200 2366 2240 τε
2412 2180 2615 2257 Φῆμιν
2658 2176 2896 2241 ὄπασσε

1009 2283 1359 2365 θηλυτέρῃσι
1409 2282 1694 2361 γυναιξί,
1743 2284 1848 2347 καὶ
1899 2282 1936 2359 η’
1984 2284 2041 2347 κ’
2090 2282 2362 2363 ἐῢνεργὸς
2413 2280 2560 2363 ἔῃσι.

647 2393 955 2459 Videmus
1008 2392 1130 2457 sibi
1179 2392 1498 2477 oppositos
1545 2409 1679 2454 esse
1727 2388 1976 2455 dativus
2022 2388 2403 2471 Πηνελοπείῃ
2450 2396 2515 2455 et
2560 2388 2606 2453 ε’
2656 2389 2796 2475 (οι);
2847 2387 3033 2454 deme

647 2499 918 2567 alterum
965 2503 1029 2565 et
1075 2498 1240 2584 perit
1285 2496 1409 2561 loci
1452 2497 1864 2561 concinnitas.
1914 2492 2175 2561 Codices
2213 2496 2276 2560 δέ
2319 2494 2379 2559 τ’
2424 2496 2762 2573 exhibent,
2802 2492 3031 2559 Eusta-

645 2608 822 2674 thius
881 2626 1031 2673 vero
1095 2605 1152 2670 τ’
1217 2605 1480 2671 omittit.
1565 2603 1642 2666 In
1704 2603 1942 2668 vicinia
2002 2604 2237 2668 iterum
2300 2627 2376 2670 rot
2442 2601 2672 2669 elisum
2720 2603 3027 2679 occurrit,

644 2734 737 2780 vs.
780 2711 946 2777 208:
989 2710 1127 2777 ἔνθα
1173 2709 1221 2774 ε’
1273 2709 1366 2773 ἔεν
1413 2716 1593 2779 εοῖκος
1618 2755 1634 2786 ,
1685 2708 1763 2774 de
1810 2729 1932 2794 quo
1973 2707 2110 2774 loco
2148 2709 2313 2774 infra
2352 2711 2527 2796 (pag.
2555 2707 2713 2796 212)
2761 2707 3027 2774 dicetur.

735 2845 778 2885 ω
848 2815 1008 2882 520:
1077 2813 1154 2888 ὦς
1220 2815 1430 2900 φάτο,
1495 2815 1603 2878 καί
1669 2817 1853 2886 <r'>
1920 2813 2225 2891 ἔμπνευσε
2286 2815 2464 2892 μένος
2529 2815 2707 2894 μέγα
2754 2813 3023 2887 Παλλὰς

642 2924 884 3000 Ἀθήνη.
955 2923 1138 2988 Libri
1183 2923 1253 3002 ῥ’.

727 3265 982 3332 Tertius
1041 3261 1370 3350 catalogus
1437 3263 1871 3329 instituendus
1942 3271 2036 3329 est
2106 3263 2391 3330 locorum
2466 3264 2699 3350 quibus
2769 3263 3027 3332 dativus

635 3372 1028 3460 pronominis
1062 3388 1199 3447 μοι,
1243 3391 1332 3434 σοι
1359 3415 1376 3444 ,
1414 3391 1491 3434 τοι
1515 3419 1531 3443 ,
1569 3389 1681 3454 per
1703 3368 2033 3436 elisionem
2060 3370 2569 3456 pronunciandus
2588 3417 2604 3446 ,
2634 3369 3026 3456 corruptelae

534 3546 539 3551 ,
634 3480 854 3546 extitit
899 3495 1104 3541 causa.
1169 3474 1346 3539 Haec
1395 3476 1565 3540 enim
1615 3473 1797 3540 elisio
1844 3481 1917 3540 ut
1966 3479 2353 3555 evitaretur,
2394 3476 2566 3542 haud
2608 3496 2747 3542 raro
2787 3479 3023 3542 eiectae

634 3589 785 3651 sunt
831 3601 1012 3648 voces
1059 3585 1170 3646 aut
1216 3579 1611 3654 decurtatae,
1661 3588 1736 3646 ut
1783 3602 1974 3667 supra
2022 3589 2281 3648 conatus
2327 3603 2469 3647 sum
2508 3583 2867 3662 ostendere;
2910 3581 3021 3650 sed

635 3691 886 3776 saepius
931 3689 1127 3752 etiam
1175 3691 1398 3771 poetae
1445 3687 1638 3753 verba
1686 3686 1813 3753 alio
1863 3688 2075 3754 ordine
2116 3687 2421 3774 disposita
2459 3696 2629 3755 sunt.
2670 3687 3020 3756 Verborum

637 3801 852 3861 autem
909 3793 1324 3858 literarumve
1387 3791 1673 3858 ordinem
1737 3793 1844 3859 hic
1905 3793 2043 3859 illic
2107 3795 2551 3879 perturbatum
2608 3816 2743 3861 esse
2788 3799 2856 3860 in
2902 3795 3021 3861 hoc

635 3903 934 3986 scriptore
954 3945 970 3973 ,
1014 3904 1088 3962 ut
1126 3901 1192 3962 in
1231 3896 1358 3961 alio
1399 3897 1716 3982 quolibet,
1758 3901 1913 3964 satis
1953 3905 2200 3964 constat
2238 3921 2439 3985 neque
2480 3901 2841 3966 mirandum
2888 3913 3020 3987 est3

635 4013 700 4074 et
743 4006 934 4071 multi
971 4025 1190 4070 versus
1230 4023 1267 4068 a
1305 4005 1461 4068 viris
1501 4004 1701 4068 doctis
1726 4003 1934 4070 sanati
1958 4010 2108 4071 sunt
2133 4005 2590 4072 vocabulorum
2618 4009 3021 4085 traiectione,

636 4133 797 4196 quae
852 4111 1148 4194 inprimis
1208 4107 1430 4175 literae
1491 4109 1765 4177 aeolicae
1820 4109 1981 4176 solet
2019 4131 2153 4176 esse
2193 4111 2541 4178 salutifera.
2584 4111 2725 4178 Hoc
2774 4133 3021 4198 quoque

631 4219 770 4285 loco
811 4216 1001 4281 liceat
1047 4217 1172 4278 tria
1216 4215 1510 4300 exempla
1555 4216 1866 4301 proferre,
1922 4218 2207 4282 nondum
2255 4219 2418 4302 quod
2472 4220 2667 4283 sciam
2718 4217 3018 4284 indicata.

725 4323 896 4392 Satis
955 4320 1256 4386 festivum
1320 4326 1417 4386 est
1476 4321 1644 4405 quod
1705 4323 1943 4388 eruisse
2004 4324 2169 4388 mihi
2219 4324 2433 4390 videor
2482 4334 2533 4388 x
2584 4323 2737 4388 322.
2808 4323 3023 4390 Maras

637 4431 925 4498 tenebras
971 4424 1086 4492 illo
1130 4424 1268 4492 loco
1306 4431 1520 4492 textus
1558 4434 1847 4513 receptus
1891 4427 2257 4516 legentibus
2294 4428 2491 4495 offert.
2544 4429 2825 4496 Achilles
2861 4430 3019 4498 dum
