3436 5161
1349 343 1435 391 An
1483 342 1831 393 mannua.
2658 322 2787 391 183

491 513 586 579 Ib.
653 510 760 577 54.
797 513 1096 577 :Amatne
1159 530 1318 595 puer
1374 507 1727 597 pugnabit,
1796 457 1949 586 „sed
2019 511 2236 573 tamen
2304 514 2448 591 apta
2521 506 2790 593 (oscula)

401 619 641 685 dabit”.
715 616 1031 683 Ridicule.
1095 614 1447 683 Baehrens:
1519 614 1669 698 „sed
1715 614 1839 678 tibi
1886 618 2069 699 rapta
2116 613 2358 679 dabit'’.
2387 650 2473 664 -
2502 613 2751 700 „Rapta
2766 662 2783 693 ,

401 730 616 797 tamen
663 723 941 791 dederit”
985 724 1226 789 conieci
1269 742 1392 787 usu
1439 725 1590 787 noto
1637 722 2100 787 coniunctionis
2144 727 2341 787 tamen
2358 768 2377 797 ,
2424 719 2661 787 relatae
2706 720 2787 786 ad

400 851 605 897 unum
664 828 1050 897 vocabulum
1099 829 1470 915 („quamvis
1515 833 1697 913 rapta
1717 876 1736 911 ‚
1784 827 2092 914 tamen”).
2164 826 2378 894 Plaut.
2428 826 2611 914 Capt.
2654 826 2787 895 390
2894 881 2901 887 .

401 938 644 1024 (Brix),
710 936 879 1022 401,
929 935 1097 1003 Rud.
1153 934 1364 1011 1124,
1421 934 1618 999 Poen.
1673 931 1885 1017 10843
1934 931 2069 1001 Cic.
2120 955 2233 1019 pro
2279 932 2451 1015 Tull.
2502 932 2629 1019 48,
2676 932 2785 999 fin.

400 1042 868 1130 quodammodo
928 1043 1281 1126 comparari
1343 1044 1566 1125 potest.
1661 1038 2044 1124 Peerlkamp
2108 1038 2186 1105 ad
2235 1038 2393 1105 Hor.
2442 1036 2689 1105 Oarm.²
2734 1036 2785 1103 I.

405 1149 490 1214 15
546 1170 612 1234 p.
674 1147 780 1215 60.
866 1146 1248 1213 Emendatio
1309 1166 1460 1211 sane
1522 1147 1783 1211 incerta.
1869 1143 2171 1212 Ceterum
2234 1165 2359 1211 non
2418 1145 2495 1211 ad
2550 1144 2788 1211 Hilleri

353 1319 356 1322 .
398 1258 807 1342 potissimum
870 1255 1214 1321 editionem
1274 1253 1432 1319 haec
1487 1250 1807 1337 pertinent
1868 1250 2009 1337 (qni
2063 1250 2159 1316 nil
2192 1250 2390 1344 *aliud
2438 1271 2551 1337 pro
2596 1251 2785 1319 insti-

397 1366 540 1428 tuto
599 1380 714 1428 sno
775 1360 923 1427 dare
967 1362 1179 1450 potuit
1224 1379 1418 1444 quam
1466 1358 1671 1443 apta),
1718 1378 1844 1423 non
1891 1359 2103 1445 magis
2150 1356 2463 1446 quaedam
2508 1359 2577 1423 in
2620 1356 2787 1424 infra

401 1468 674 1553 scriptis.
2025 1479 2029 1482 ·

489 1682 546 1749 I.
607 1681 670 1751 ὅ.
734 1682 816 1750 11
883 1683 1160 1771 „ipseque
1217 1686 1284 1749 te
1345 1680 1655 1763 circum”‚
1712 1681 2053 1749 coniiciens
2118 1680 2318 1749 simul
2367 1680 2649 1770 „imque
2690 1686 2791 1748 ter

395 1788 706 1869 lectum”,
757 1788 931 1855 dedit
978 1788 1268 1855 Hillerus
1319 1788 1671 1857 secundum
1720 1786 2059 1854 lectionem
2112 1799 2238 1867 ter,
2286 1790 2513 1855 incerti
2566 1798 2787 1857 aucto-

397 1897 505 1961 ris.
586 1895 712 1977 Qua
757 1903 903 1984 post
952 1900 988 1961 ἔ
1031 1896 1226 1963 habet
1273 1888 1570 1961 Tibullus
1617 1894 1668 1960 Ι.
1725 1892 1787 1959 3.
1839 1892 1926 1959 34
1991 1894 2399 1981 (reddereque
2459 1895 2783 1983 antiquo),

401 2001 452 2069 1.
518 2000 580 2068 6.
647 2000 733 2066 48
794 2002 1254 2090 (sanguineque
1311 2001 1534 2086 effuso)
1595 2005 1658 2066 et
1720 2001 1774 2066 I.
1839 1999 1902 2065 8.
1955 1999 2040 2065 10
2088 2000 2483 2088 (saepeque);
2541 2001 2787 2068 duobus

401 2106 560 2174 locis
620 2128 698 2174 ex
759 2109 968 2173 tribus
1011 2130 1125 2193 que
1170 2105 1466 2187 eliditur,
1516 2113 1591 2172 nt
1637 2106 1853 2193 vides3
1900 2109 2089 2173 tertio
2136 2106 2187 2172 Ι.
2241 2106 2301 2173 8.
2358 2106 2444 2173 10
2491 2128 2568 2174 ex
2616 2106 2678 2175 G
2724 2114 2790 2174 et

398 2214 546 2279 Par.
595 2212 821 2280 Baehr.
874 2215 1112 2299 recepit
1157 2235 1330 2299 caepe
1376 2220 1464 2291 et,
1515 2218 1590 2278 ut
1636 2212 1768 2276 iam
1810 2212 2045 2277 durum
2071 2212 2238 2277 illud
2260 2216 2495 2299 ipseque
2517 2213 2786 2279 dubium

399 2319 628 2387 evadat
671 2324 736 2386 et
780 2320 1043 2385 fortasse
1091 2322 1178 2384 sit
1223 2317 1568 2407 legendum
1615 2322 1741 2401 ipse
1775 2340 1895 2401 eqo.
1956 2318 2091 2384 Lex
2129 2316 2524 2384 Harantiana
2563 2319 2639 2385 de
2678 2342 2789 2407 que

398 2422 577 2509 (licet
636 2426 809 2490 enim
875 2427 966 2489 sic
1029 2424 1259 2510 dicere)
1323 2428 1532 2490 exstat
1576 2426 1643 2488 in
1691 2422 1913 2489 Revue
1962 2422 2039 2489 de
2085 2422 2447 2511 Philologie
2498 2422 2672 2489 1880
2720 2447 2782 2510 p.
2882 2490 2887 2495 ,

397 2528 686 2596 25-29.
760 2530 838 2596 In
886 2527 1208 2598 Ciceronis
1253 2529 1332 2596 de
1377 2528 1535 2616 Rep.
1586 2528 1672 2595 II.
1729 2528 1770 2594 4
1816 2531 2143 2596 invenitur
2190 2530 2501 2617 laboreque
2544 2536 2611 2597 et
2654 2531 2783 2598 for-

397 2641 567 2701 tasse
625 2636 842 2722 plura,
907 2657 1055 2703 nam
1121 2637 1198 2702 de
1258 2633 1578 2703 Ciceronis
1635 2634 2129 2720 philosophicis,
2176 2635 2270 2700 ibi
2315 2636 2573 2722 quidem
2592 2687 2610 2721 ‚
2659 2659 2784 2704 non

399 2743 696 2827 exposuit
736 2741 1106 2809 Har-antius.
1133 2779 1218 2792 —
1245 2741 1338 2808 Ib.
1382 2739 1466 2810 2⁹7
1498 2741 1814 2830 fructibus
1848 2761 1885 2807 a
1924 2738 2022 2825 G,
2064 2762 2255 2826 quem
2280 2741 2495 2809 Hiller
2516 2745 2783 2810 minoris

327 2883 332 2888 -
399 2849 556 2914 facit
599 2868 792 2934 quam
832 2843 1150 2915 Baehrens
1173 2899 1187 2926 ,
1239 2847 1526 2915 oblatum
1562 2849 1846 2934 praefero
1883 2867 2034 2933 prae
2070 2848 2324 2934 vitibus3
2364 2848 2529 2915 illud
2569 2849 2784 2917 latiori

399 2953 850 3043 significationi
891 2957 1072 3022 verbi
1098 2957 1394 3038 ayt-{colae
1416 2953 1650 3021 melius
1676 2957 1993 3021 convenit.
2024 2991 2107 3003 —
2138 2953 2224 3019 30
2248 2953 2423 3020 Num
2453 2979 2583 3034 „me
2603 2959 2786 3024 iuvet

398 3065 465 3127 in
527 3067 696 3140 tota,
761 3082 867 3126 me
927 3060 1094 3127 nihil
1153 3083 1288 3128 esse
1351 3061 1584 3127 domo”
1646 3082 1761 3147 pro
1810 3084 1912 3139 ac,
1961 3068 2059 3139 at,
2110 3059 2209 3125 et?
2254 3099 2339 3112 --
2388 3059 2475 3127 34
2526 3085 2785 3152 „gerere

399 3166 665 3256 epulas”
729 3168 1014 3233 restituit
1077 3169 1280 3235 editor
1326 3188 1439 3253 pro
1474 3168 1688 3262 fem-23
1734 3188 1861 3233 non
1906 3173 2005 3233 est
2050 3187 2257 3234 sermo
2303 3167 2382 3234 de
2430 3189 2580 3234 cura
2625 3190 2783 3256 epu-

398 3274 638 3352 larum,
693 3273 802 3340 sed
851 3273 929 3340 de
977 3271 1343 3360 afferendis3
1384 3295 1590 3357 qerere
1624 3275 1764 3338 inre
1806 3274 1990 3339 credo
2022 3273 2451 3359 improbatum
2499 3279 2595 3340 est
2620 3275 2787 3341 Bur-

399 3402 654 3448 manno.
704 3417 789 3430 —
842 3377 944 3446 49.
1010 3379 1104 3446 In⁴
1147 3382 1551 3446 coniunctivo
1615 3380 1915 3446 scribitur
1981 3381 2152 3457 edan
2210 3381 2437 3468 ingens
2481 3401 2786 3448 numerus

400 3492 495 3554 est
552 3486 840 3554 locorum
886 3485 1000 3551 ubi
1049 3486 1198 3551 boni
1243 3485 1425 3551 codd.
1472 3485 1710 3551 habent
1757 3485 1943 3562 edim,
1993 3486 2154 3562 edis,
2203 3486 2325 3558 εᾱὶι,
2369 3488 2439 3551 in
2483 3489 2783 3554 coniunc-

399 3595 536 3658 tivo
553 3639 574 3670 ,
614 3591 783 3678 quod
828 3612 902 3658 eo
941 3593 1250 3657 maiorem
1295 3592 1432 3658 vim
1471 3590 1665 3656 habet
1683 3637 1700 3668 ,
1752 3586 1918 3676 quod
1970 3589 2252 3657 confusio
2299 3612 2448 3656 cum
2494 3596 2786 3660 coniunc-

399 3701 537 3767 tivo
590 3699 770 3766 verbi
817 3699 982 3762 edam
1031 3699 1137 3762 edo
1176 3697 1341 3762 edidi
1379 3703 1514 3762 tam
1553 3695 1761 3762 facilis
1808 3701 1943 3762 erat
1959 3743 1975 3775 ,
2025 3702 2101 3762 ut
2144 3698 2387 3761 mirum
2434 3699 2519 3762 sit
2563 3719 2780 3765 veram

395 3805 579 3872 illam
617 3805 896 3871 formam
932 3803 1086 3869 edim
1127 3805 1316 3869 toties
1364 3804 1609 3870 salvam
1657 3803 1970 3888 evasiss03
2016 3799 2260 3868 Tibulli
2310 3801 2569 3887 quidem
2616 3801 2784 3870 codi-

399 3932 546 3979 cum
592 3910 984 3978 novitiorum
1033 3912 1374 3975 auctoritas
1419 3911 1487 3974 in
1523 3909 1643 3975 hac
1682 3910 2051 4004 quaestione
2084 3928 2208 3973 non
2238 3927 2551 3996 magnum
2589 3910 2784 3977 habet

397 4022 840 4093 momentum;
885 4016 1122 4102 ubique
1167 4020 1324 4101 puto
1369 4015 1524 4080 edim
1542 4062 1558 4094 ,
1609 4015 1768 4099 edio,
1812 4014 1937 4078 edit
1969 4034 2118 4081 vera
2160 4035 2311 4080 esee.
2363 4013 2563 4083 Locos
2600 4015 2784 4088 affert

397 4123 580 4191 Neue
601 4121 630 4164 ⁸
686 4121 770 4188 II.
835 4123 961 4187 441
1019 4159 1101 4170 —
1151 4120 1232 4186 V.
1287 4119 1372 4187 5¹7
1436 4120 1700 4186 evenient
1748 4121 2103 4206 scripserim
2154 4118 2403 4187 collatis
2448 4119 2531 4187 V.
2584 4118 2670 4188 4¹7
2720 4129 2785 4189 et

397 4227 485 4295 H.
553 4232 613 4296 1.
675 4227 796 4294 25:
866 4233 1216 4307 „eventura
1258 4226 1537 4314 precor”.
1590 4263 1675 4276 —
1726 4225 1814 4292 64
1858 4226 2143 4292 nondum
2192 4230 2345 4294 satis
2391 4229 2783 4316 explicatum

403 4336 840 4422 ¹,subicietque
887 4333 1170 4414 manus”,
1221 4333 1548 4400 Dissenins
1595 4337 1764 4400 certe
1807 4353 1933 4398 non
1980 4333 2309 4400 satisfacit.
2800 4345 2803 4348 ·
