3436 5161
1386 382 1647 433 osssms
1691 382 1823 433 mo.
2662 362 2794 430 31¹7

410 553 670 617 demum
729 552 880 618 utili
938 556 1247 637 apparatu
1306 553 1526 616 critico
1596 550 1863 615 Dionem
1941 569 2160 615 ornare
2231 549 2579 635 poterimus
2600 594 2616 625 ,
2683 550 2796 631 qui

406 678 577 723 nunc
638 662 811 724 totus
857 660 1185 724 omittitur
1228 659 1297 722 in
1345 656 1577 721 ultima
1620 661 1685 721 et
1733 658 1980 741 optima
2029 656 2306 721 editione
2352 652 2759 721 Dindorfiana
2776 700 2793 731 ,

408 766 477 828 in
533 764 864 831 Sturziana
928 784 1079 831 vero
1138 770 1203 829 et
1264 764 1637 849 praesertim
1700 765 1768 827 in
1831 762 2122 828 Parisina
2177 762 2453 828 editione
2501 759 2714 827 Grosii
2742 758 2794 847 1)

404 871 641 957 ineptis
686 877 752 935 et
788 870 1078 936 absurdis
1116 870 1496 936 lectionibus
1536 890 1613 934 ex
1655 870 1980 935 codicibus
2016 868 2260 934 nullius
2301 870 2491 953 pretii
2534 868 2797 933 corrasis

406 976 769 1042 foedissime
814 978 1183 1061 inquinatus
1222 980 1338 1043 est.

500 1080 669 1161 Quid
729 1089 943 1148 autem
1008 1082 1086 1147 de
1147 1082 1371 1147 Dionis
1430 1080 1754 1147 codicibus
1814 1081 2226 1165 iudicandum
2291 1082 2380 1145 sit
2440 1080 2796 1145 recensione
2883 1159 2888 1163 ¹

350 1228 357 1235 -
404 1186 575 1252 sacta
610 1190 961 1273 apparebit.
1024 1188 1375 1254 Duodecim
1425 1192 1575 1253 sunt
1597 1237 1614 1262 ,
1664 1189 1777 1273 qui
1822 1187 1942 1253 hoo
1991 1188 2208 1253 ordine
2249 1188 2492 1271 optime
2537 1204 2794 1251 enume-

403 1294 749 1359 rabuntur:

501 1398 558 1463 1.
607 1398 950 1465 Vaticanus
996 1420 1061 1465 n.
1114 1397 1289 1463 1288
1336 1398 1438 1484 (L.
1492 1397 1617 1477 79,
1666 1397 1930 1475 2-80,
1979 1394 2070 1483 8).

497 1501 563 1569 2.
608 1503 941 1570 Mediceus
986 1505 1041 1569 A
1092 1504 1245 1589 (70,
1296 1501 1368 1589 8)
1415 1504 1516 1589 (L.
1567 1501 1693 1581 36,
1747 1503 1806 1568 1.
1855 1502 1896 1568 2
1915 1522 1932 1581 3
1985 1502 2108 1581 36,
2157 1500 2463 1579 20—50,
2513 1497 2602 1585 6).

500 1606 563 1675 3.
610 1608 955 1674 Vaticanus
1000 1608 1063 1673 A
1112 1610 1202 1695 (n.
1258 1608 1416 1695 144)
1464 1609 1566 1694 (L.
1619 1607 1938 1695 36-54).

498 1715 560 1778 4.
608 1714 937 1780 Parisinus
983 1718 1039 1781 A
1088 1715 1175 1800 (ιι.
1234 1714 1437 1800 1690)
1486 1715 1588 1801 (L.
1642 1714 1962 1801 36—54).

500 1820 561 1885 5.
612 1820 888 1886 Venetus
935 1822 993 1886 A
1036 1821 1124 1906 (n.
1178 1820 1339 1907 395)
1387 1820 1489 1906 (L.
1540 1819 1662 1906 44,
1715 1820 2034 1907 35—60).

498 1924 559 1990 6.
608 1926 933 1993 Mediceus
977 1926 1035 1991 B
1086 1926 1231 2013 (70,
1286 1926 1393 2010 10)
1450 1928 1543 2013 (L.
1591 1926 1908 2013 42-60).

500 2029 565 2098 7.
610 2031 941 2097 Parisinus
986 2032 1040 2097 B
1092 2036 1177 2117 (n.
1232 2031 1432 2117 1689)
1484 2033 1583 2118 (L.
1634 2032 1949 2120 36—60).

498 2134 561 2201 8.
611 2136 981 2204 'I'urinensis
1028 2138 1120 2223 (n.
1169 2136 1283 2224 76)
1336 2138 1434 2227 (L.
1487 2136 1807 2226 37—60).

504 2244 566 2308 9.
615 2243 894 2311 Venetus
938 2244 996 2309 B
1044 2244 1135 2329 (n.
1184 2242 1346 2331 396)
1396 2245 1492 2331 (L.
1546 2244 1867 2333 36-60).

460 2348 568 2415 10.
615 2347 959 2416 Vaticanus
1004 2350 1059 2414 B
1104 2351 1193 2436 (n.
1247 2348 1408 2436 993)
1454 2350 1554 2435 (L.
1596 2349 1908 2436 36—60).

461 2455 567 2521 11.
614 2454 1064 2520 Escorialensis
1111 2455 1211 2541 (L.
1256 2454 1554 2541 36-60)
1597 2456 1676 2521 cf.
1713 2455 1966 2533 Miller,
2019 2458 2336 2538 (jaculoque
2374 2477 2439 2541 p.
2477 2453 2606 2520 261
2649 2474 2742 2539 sq.

455 2560 562 2628 12.
612 2559 992 2628 Vesontinus
1039 2560 1131 2648 (Z.
1183 2584 1249 2627 ιι.
1298 2559 1423 2641 68,
1471 2560 1587 2648 80)
1634 2560 1737 2648 (L.
1786 2561 1941 2627 36-
1970 2560 2101 2649 60).

1158 2741 1371 2810 Codex
1419 2743 1772 2810 Vaticanus
1821 2741 2014 2809 1288.

494 2925 773 2992 Honoris
818 2947 1007 2994 causa
1052 2929 1261 3012 primo
1306 2928 1443 2993 loco
1482 2930 1849 2994 nominetur
1885 2931 2363 2996 vetustissimus
2401 2928 2597 2994 codex
2637 2929 2790 3013 (nisi

407 3032 643 3099 codicis
701 3033 1133 3123 fragmentum
1198 3032 1403 3100 dicere
1463 3037 1732 3120 mavis),
1795 3033 1950 3101 olim
2015 3035 2235 3100 Fulvii
2301 3033 2551 3116 Ursini,
2621 3054 2789 3099 nunc

407 3137 759 3205 Vaticanus
786 3136 963 3203 1288
982 3187 1000 3221 ,
1042 3140 1598 3225 membranaceus,
1641 3141 1882 3206 formae
1922 3141 2298 3225 quadratae,
2336 3139 2634 3206 foliorum
2666 3137 2748 3203 12
2767 3185 2784 3217 ,

402 3246 535 3329 (cui
582 3246 850 3310 tertium
900 3245 1221 3309 decimum
1244 3292 1260 3323 ,
1302 3247 1383 3310 ab
1423 3267 1641 3311 aversa
1678 3251 1857 3332 parte
1897 3267 2094 3332 paene
2132 3267 2406 3312 vacuum
2431 3295 2448 3328 ,
2491 3265 2528 3311 a
2553 3265 2789 3311 correc-

402 3355 539 3414 tore
602 3347 891 3414 additum
956 3354 1090 3434 est,
1153 3350 1231 3414 ad
1282 3349 1575 3416 lacunam
1623 3353 1690 3416 in
1738 3351 1951 3418 codice
2002 3355 2140 3438 ipso
2189 3351 2312 3437 78,
2362 3350 2483 3430 34,
2538 3351 2570 3415 1
2623 3352 2792 3416 inter

402 3455 598 3522 verba
654 3453 1013 3534 προσέμιξεν
1069 3461 1133 3520 et
1182 3456 1210 3520 ὃ
1256 3457 1383 3538 γὰρ
1427 3456 1802 3542 explendam
1852 3457 1958 3544 (cf.
2009 3455 2327 3544 Sauppius
2373 3457 2418 3524 l.
2465 3457 2632 3523 infra
2675 3456 2787 3542 1.),

401 3559 636 3626 litteris
680 3560 1040 3626 uncialibus
1085 3560 1413 3649 eleganter
1455 3564 1860 3648 perscriptus.
1927 3561 2234 3651 Singulae
2270 3566 2541 3652 paginae
2578 3568 2788 3628 ternos

400 3664 743 3730 laterculos
787 3668 1145 3751 continent,
1186 3688 1387 3733 unum
1431 3688 1747 3752 quemque
1786 3669 1872 3732 42
1913 3688 2235 3735 versuum.
2283 3667 2532 3755 Singuli
2570 3673 2782 3733 autem

403 3792 623 3838 versus
687 3777 838 3837 sunt
904 3770 1205 3852 17-20,
1271 3773 1648 3858 plerumque
1715 3771 1800 3838 18
1862 3772 2242 3838 litterarum.
2318 3772 2381 3837 A
2429 3773 2650 3838 dextra
2696 3774 2788 3838 ita

402 3875 598 3942 codex
646 3875 850 3943 cultro
899 3863 1181 3943 abscisus
1232 3884 1364 3958 est,
1406 3883 1481 3943 ut
1518 3881 1587 3943 in
1627 3899 2005 3964 unoquoque
2041 3876 2194 3943 folio
2231 3883 2403 3945 recto
2439 3876 2786 3944 laterculus

402 3984 668 4066 tertius,
732 3985 800 4046 in
859 4002 1041 4049 verso
1100 3983 1349 4068 primus
1413 4005 1489 4049 ex
1551 3984 1823 4049 dimidia
1884 3989 2064 4070 parte
2133 3985 2412 4069 perierit.
2498 3981 2574 4048 In
2633 3981 2785 4050 folio

468 4163 525 4228 1)
578 4163 798 4214 Histoire
841 4163 1070 4214 Romaim
1117 4165 1177 4214 de
1215 4165 1342 4214 Dion
1389 4164 1579 4214 Cassius
1610 4165 1830 4216 tradm'te
1860 4181 1919 4215 en
1940 4165 2202 4230 sranqat's,
2235 4180 2346 4214 avec
2375 4165 2458 4214 dee
2488 4169 2622 4214 notes
2652 4163 2784 4214 cn‘ti·

398 4261 537 4310 quet,
582 4244 887 4310 historiques,
933 4251 1021 4295 etc.
1036 4284 1051 4305 ,
1098 4251 1148 4295 et
1185 4249 1229 4296 le
1264 4251 1396 4297 texte
1428 4263 1486 4296 en
1520 4249 1716 4312 reyard.
1759 4245 2050 4298 collatiotme‘
2074 4263 2158 4297 sur
2191 4250 2258 4297 Ios
2289 4247 2551 4298 meillev-ce
2581 4246 2788 4298 e'ditiom

396 4331 449 4377 et
479 4343 565 4376 sur
596 4330 663 4377 les
694 4328 979 4377 manuscrits
1012 4329 1071 4377 do
1101 4329 1273 4388 Rome,
1304 4331 1554 4387 Flamen,
1594 4329 1782 4388 Venice,
1820 4329 1996 4387 strin,
2030 4329 2252 4388 manich,
2277 4327 2778 4394 Heidelberq‚Par·is,

402 4409 577 4469 stum,
623 4410 903 4472 ,Bm-pon,
937 4425 1037 4473 par
1078 4411 1133 4460 Ε.
1184 4411 1328 4470 Oros,
1376 4411 1651 4475 Inspectear
1688 4412 1749 4460 de
1781 4408 2074 4460 academie
2114 4412 2173 4462 dc
2205 4411 2365 4460 Pan's.
2403 4412 2446 4460 X
2479 4411 2571 4462 vol.
2608 4412 2776 4472 Paris,

399 4491 586 4542 Παῦε
619 4491 789 4541 Didot.
840 4488 1010 4540 Libros
1044 4491 1233 4551 5—10,
1270 4493 1441 4542 Grosio
1474 4495 1698 4552 mortuo,
1731 4492 1882 4542 edidit
1922 4492 1975 4543 7.
2010 4491 2218 4542 Boinoa.
