3436 5161
661 332 794 400 332

630 3160 1023 3243 ’178-185
1046 3199 1128 3226 =
1149 3163 1247 3240 λδ

1633 352 1895 405 caestus
1937 352 2070 403 mo.

1319 525 1589 606 tumque
1626 522 1890 607 periisse
1927 524 2207 606 apparet.
2255 518 2574 585 Incertum
2615 520 2873 584 tantum
2913 522 3012 583 eet
3028 564 3048 595 ,

1318 628 1673 713 supersitne
1739 627 2090 693 seeundum
2147 630 2212 692 et
2257 628 2605 711 septimum
2653 645 2733 690 an
2779 626 3052 689 tertium

1318 738 1724 818 sextumque.
1771 732 2099 800 Foliorum
2149 732 2438 799 ordinem
2485 730 2716 797 addam
2751 750 2880 815 quo
2919 728 3052 795 cla-

1316 840 1451 904 rius
1498 859 1599 905 ree
1644 844 1981 924 appareat:

1322 943 1496 1009 1-8
1542 948 1736 1031 periit
2311 941 2485 1009 1-8
2531 944 2726 1029 periit

1318 1048 1669 1117 2-7--f.
1721 1048 1874 1130 176,
1919 1047 2046 1117 177
2171 1054 2285 1116 aut
2311 1048 2487 1116 2-7
2536 1052 2732 1134 periit

1316 1155 1495 1222 3-6
1540 1158 1734 1242 periit
2305 1154 2656 1222 3-6=f.
2708 1154 2861 1242 176,
2913 1154 3045 1225 177

1320 1262 1498 1330 4-5
1546 1265 1740 1348 periit
2307 1262 2486 1327 4-5
2532 1265 2727 1349 periit

1314 1370 1740 1436 Posteriorem
1790 1368 2078 1435 ordinem
2126 1389 2350 1436 verum
2399 1390 2536 1436 ease
2552 1416 2568 1447 ,
2617 1372 2834 1455 itaque
2879 1371 3052 1435 inter

1316 1475 1427 1543 fol.
1496 1473 1625 1542 1¹75
1682 1480 1751 1541 et
1812 1472 1979 1553 176,
2040 1474 2395 1559 itidemque
2436 1477 2604 1541 inter
2646 1474 2756 1541 fol.
2806 1473 2934 1542 176
2983 1480 3049 1541 et

1320 1580 1475 1660 177,
1538 1581 1809 1666 denique
1855 1583 2024 1647 inter
2066 1581 2177 1647 fol.
2230 1579 2358 1648 177
2407 1587 2472 1647 et
2521 1579 2651 1647 178
2697 1582 2850 1648 bina
2893 1580 3048 1647 folia

1320 1688 1629 1755 excidisse
1674 1686 1816 1773 (nee
1861 1707 2012 1755 vero
2060 1690 2226 1754 inter
2271 1686 2317 1753 f.
2363 1686 2489 1756 175
2532 1694 2598 1754 at
2639 1686 2767 1755 176
2807 1694 2873 1754 et
2913 1686 3045 1755 177

1319 1799 1383 1860 et
1448 1791 1578 1861 178
1642 1792 1937 1881 singula,
2001 1797 2170 1859 inter
2231 1792 2360 1860 176
2429 1800 2496 1861 et
2546 1792 2674 1861 177
2721 1795 3051 1880 quattuor)

1317 1919 1390 1965 eo
1440 1900 1910 1966 demonstratur
1958 1900 2126 1984 quod
2171 1920 2246 1965 ea
2290 1904 2504 1985 parte,
2545 1921 2709 1986 quae
2743 1902 2912 1966 inter
2933 1899 3044 1966 fol.

1322 2006 1451 2074 175
1512 2015 1577 2072 et
1641 2005 1768 2073 176
1842 2009 2068 2092 periit,
2137 2028 2238 2072 res
2297 2014 2634 2073 narrantur
2693 2028 2806 2093 per
2851 2026 3046 2073 annos

1316 2118 1617 2197 quattuor
1646 2114 1732 2197 (a.
1778 2110 2167 2197 748-752)
2190 2119 2407 2200 gestae
2423 2163 2441 2198 ,
2467 2133 2626 2199 quae
2651 2118 2819 2179 certe
2841 2115 3047 2198 spatio

1317 2222 1509 2284 unius
1573 2218 1736 2285 folii·
1776 2218 2022 2285 absolvi
2065 2240 2188 2284 non
2236 2224 2583 2304 potuerunt
2607 2267 2623 2297 ,
2669 2240 2814 2285 eum
2863 2239 3047 2305 prae-

1316 2328 1536 2391 sertim
1605 2346 1765 2410 quae
1824 2324 2186 2412 fragmenta
2244 2324 2440 2390 huius
2491 2327 2690 2411 partis
2737 2345 2774 2390 a
2819 2324 3048 2411 Xiphi-

1317 2430 1451 2497 lino
1492 2432 1581 2517 (p.
1636 2429 1766 2495 100
1811 2452 1906 2497 vs.
1962 2429 2310 2515 19-101,
2365 2430 2400 2496 ·1
2452 2430 2671 2518 Dind.)
2718 2436 2784 2497 et
2828 2433 2896 2497 in
2943 2451 3049 2496 ex·

1318 2539 1549 2623 carptis
1608 2536 1970 2603 Valesianis
2031 2558 2092 2623 p.
2159 2535 2290 2603 662
2309 2585 2326 2616 ,
2393 2542 2457 2604 et
2517 2538 2685 2624 apud
2737 2536 3046 2603 Zonaram

1317 2644 1445 2730 (ed.
1486 2643 1674 2710 Dind.
1727 2643 1832 2728 11,
1861 2641 2014 2720 44¹7,
2058 2642 2312 2730 6—16)
2349 2645 2534 2710 nobie
2571 2649 2822 2710 servata
2858 2651 3047 2723 eunt,

1312 2753 1444 2815 iam
1526 2752 1808 2835 epatium
1897 2749 2152 2816 dimidii
2221 2749 2362 2816 folii
2433 2749 2738 2816 excedant
2755 2796 2773 2826 ,
2843 2770 3048 2835 neque

1316 2863 1535 2921 tamen
1594 2857 1663 2921 in
1707 2855 1812 2920 his
1857 2857 2237 2944 fragmentis
2283 2857 2634 2942 quidquam
2681 2858 3049 2924 inveniatur

1316 2961 1393 3027 de
1447 2961 1571 3028 fori
1615 2963 1900 3048 Augusti
1937 2965 2427 3049 inauguratione
2442 3012 2460 3047 ,
2502 2983 2698 3048 quam
2745 2962 2852 3027 hio
2900 2982 3046 3027 nar-

1312 3087 1483 3134 rasse
1520 3066 1791 3134 Dionem
1835 3089 1913 3134 ex
1950 3069 2159 3134 indice
2197 3068 2391 3134 huius
2425 3069 2580 3134 libri
2603 3072 3048 3157 eognovimus.

665 3279 1020 3348 186-189
1046 3295 1222 3345 =M
1274 3280 1662 3366 {Perierunt
1727 3285 2027 3365 quattuor
2080 3279 2236 3347 folia
2297 3281 2511 3347 media
2572 3283 2742 3347 inter
2800 3281 2845 3347 f.
2898 3277 3051 3348 18‘7‘

665 3492 1019 3562 190-19‘7
1042 3519 1125 3546 =
1147 3508 1229 3563 λς·

1326 3392 1393 3453 et
1446 3386 1597 3452 188.
1666 3386 1742 3454 L.
1792 3385 1878 3452 55
1924 3389 2094 3453 inter
2137 3407 2188 3452 e.
2243 3383 2328 3452 33
2373 3385 2550 3453 0t34.

666 3600 1018 3670 198-201
1044 3625 1125 3652 =
1149 3599 1235 3684 λζ
1268 3602 1280 3687 Ι
1320 3598 1574 3668 Interiit
1611 3602 1896 3684 primum
1936 3598 2164 3666 folium
2206 3602 2392 3685 eique
2429 3599 2841 3666 coniunctum
2880 3605 3049 3666 outae

663 4340 1022 4412 202-209
1047 4365 1129 4392 ---
1152 4355 1231 4416 λη

664 4445 1022 4515 210-217
1043 4472 1125 4499 =
1144 4448 1217 4513 λθ

1317 3726 1473 3773 vum
1548 3709 1610 3770 et
1681 3708 1946 3770 tertium
2019 3714 2417 3790 sextumque.
2514 3705 2764 3784 Desunt
2843 3708 3050 3794 igitur

1320 3809 1580 3898 singula
1640 3811 1796 3877 folia
1842 3810 1986 3877 Lib.
2036 3810 2154 3889 56,
2211 3810 2335 3890 22,
2385 3809 2428 3876 2
2475 3813 2642 3878 inter
2689 3812 2796 3878 xa>
2843 3811 2931 3878 τά
2975 3837 3046 3878 τε

1320 3921 1385 3982 et
1445 3917 1517 3982 τὸ
1577 3921 1693 3994 μὲν
1753 3923 2018 4002 πρῶτον,
2068 3939 2120 3983 ο.
2172 3917 2298 4003 24,
2349 3917 2389 3983 5
2434 3919 2603 3984 inter
2646 3917 2752 4004 squ)
2799 3914 2890 3986 ὅτι
2941 3918 3048 3984 καὶ

1320 4028 1388 4091 et
1430 4022 1605 4102 μετὰ
1651 4023 1798 4107 τὴν,
1846 4044 1900 4089 ο.
1950 4023 2075 4107 28,
2119 4023 2160 4090 6
2208 4027 2376 4091 inter
2420 4023 2665 4090 ἰδιωτῶν
2708 4025 2813 4090 καὶ
2865 4029 2930 4090 et
2976 4023 3048 4090 τό

1323 4152 1395 4193 τε
1430 4129 1756 4212 συνέδριον,
1801 4151 1853 4194 ο.
1893 4127 1980 4195 32
1999 4176 2015 4206 ,
2064 4131 2097 4194 1
2149 4130 2420 4217 denique
2458 4133 2626 4198 inter
2673 4131 2874 4198 nah-ot
2923 4131 3042 4202 τὰς

1322 4239 1387 4301 et
1430 4233 1689 4316 χόντων.
