3436 5161
749 345 884 414 806
1345 377 1353 385 ·
1820 363 2063 416 otono.

745 536 897 597 sunt
959 534 1028 596 in
1075 529 1456 616 disputando
1501 529 1666 596 vafri
1689 578 1706 604 .
1756 549 1883 598 non
1926 534 2311 596 veteratores
2328 575 2349 606 ,
2394 549 2521 596 non
2565 527 2946 604 malitiosi”,
2996 524 3141 594 rell.

838 634 1006 702 Cum
1052 636 1132 703 de
1175 639 1315 703 viro
1347 638 1512 704 bono
1548 637 1875 722 quaeritur
1894 681 1912 714 ‚
1948 635 2241 702 homines
2274 635 2417 705 boni
2460 655 2587 702 non
2624 641 2775 701 sunt
2812 637 2885 700 in
2923 634 3142 718 dispu-

745 742 938 808 tando
999 739 1207 808 vafri?
1287 745 1389 808 An
1447 761 1803 826 numquam
1850 737 2040 806 sunt?
2110 740 2447 811 Praeterea
2490 740 2781 807 homines
2826 742 2897 805 in
2942 739 3141 806 disse-

743 847 940 914 rendo
1001 867 1126 913 non
1187 846 1346 914 mali
1363 895 1380 925 ,
1447 867 1572 914 uon
1636 846 1895 914 fallaces
1908 894 1923 924 ‚
1989 849 2290 914 <licuntur
2350 849 2417 912 in
2474 847 2593 913 hac
2645 849 3015 933 quaestione
3063 864 3139 912 eo

742 951 890 1040 plus
949 955 1350 1019 auctoritatis
1411 953 1642 1020 habere
1661 999 1680 1032 ‚
1748 954 1899 1037 quia
1956 973 2081 1018 non
2144 957 2295 1018 sunt
2340 951 2541 1038 vafri,
2592 955 2637 1022 i.
2662 973 2718 1019 e.
2766 953 2897 1018 fere
2916 1001 2935 1027 ,
2984 953 3140 1036 quia

742 1079 868 1125 non
915 1065 1066 1126 sunt
1111 1058 1388 1126 fallaces.
1462 1060 1743 1144 Apparet
1788 1058 1943 1124 haec
1986 1064 2137 1144 apta
2180 1061 2497 1126 sententia
2542 1079 2771 1126 carere.
2840 1057 3136 1142 Requiri-

739 1170 850 1231 tur
903 1165 1072 1232 fere:
1121 1167 1276 1252 quia
1318 1165 1434 1232 ubi
1479 1165 1558 1230 de
1604 1166 1745 1231 viro
1790 1164 1987 1250 probo
2036 1167 2389 1249 quaeritur,
2438 1165 2673 1251 probus
2718 1165 3133 1250 potissimum

741 1277 842 1337 est
900 1273 970 1336 in
1034 1269 1374 1338 consilium
1441 1270 1857 1338 adhibendus.
1941 1269 2097 1336 Post
2156 1271 2443 1336 mutim·
2502 1271 2813 1338 excidisse
2874 1269 3139 1338 videtur

739 1377 1047 1442 audiendi.

831 1481 998 1564 Quid
1063 1485 1148 1548 sit
1209 1503 1309 1548 ree
1369 1481 1630 1567 publica
1673 1479 1967 1548 definivit
2009 1482 2131 1548 hoc
2177 1480 2342 1548 libro
2388 1478 2631 1550 Cicero.
2703 1481 2831 1548 Res
2874 1481 3139 1569 publica

739 1593 838 1654 est
881 1609 1004 1654 res·
1028 1588 1266 1674 populi.
1347 1587 1628 1674 Populus
1675 1593 1893 1655 autem
1932 1595 2151 1654 coetus
2186 1595 2287 1656 est
2323 1585 2763 1654 multitudinis
2800 1589 3135 1654 communi

737 1697 880 1762 inre
923 1702 991 1762 et
1035 1695 1322 1762 utilitate
1359 1697 1656 1762 sociatus.
1728 1694 1801 1760 In
1849 1715 1974 1780 qua
2022 1692 2385 1760 definitione
2430 1694 2599 1779 quod
2634 1693 2795 1760 dicit
2830 1694 2963 1772 inu,
3004 1714 3133 1758 non

737 1799 1110 1889 intellegere
1147 1821 1214 1866 se
1252 1801 1409 1866 dicit
1445 1800 1623 1888 leges
1661 1801 1997 1866 hominum
2039 1799 2327 1866 lubidine
2350 1803 2729 1866 constitutas
2748 1847 2767 1878 ‚
2792 1799 2902 1865 sed
2924 1802 3135 1884 ipsius

738 1907 1026 1972 iustitiae
1075 1906 1456 1991 praescripta
1475 1953 1492 1984 ‚
1541 1926 1771 1972 cavens
1808 1927 1888 1972 ne
1926 1905 2346 1972 confundatur
2384 1907 2488 1970 ius
2528 1909 2951 1972 constitutum
2990 1908 3137 1972 sive

739 2009 917 2099 leges
964 2032 1108 2078 cum
1157 2032 1266 2096 eo,
1315 2011 1482 2097 quod
1527 2034 1643 2097 per
1685 2032 1753 2077 se
1798 2015 2043 2077 iustum
2094 2018 2211 2078 est.
2260 2009 2413 2076 Sine
2452 2014 2703 2078 iustitia
2739 2014 2945 2100 igitur
2978 2009 3134 2076 nul·

740 2114 843 2181 lus
890 2117 1162 2202 populus
1182 2166 1200 2199 ‚
1247 2120 1382 2184 sine
1427 2117 1661 2203 populo
1707 2116 1888 2183 nulla
1932 2136 2033 2182 res
2068 2114 2363 2202 publica,
2404 2117 2665 2201 proinde
2702 2120 2837 2184 sine
2876 2118 3135 2182 iustitia

739 2219 922 2288 nulla
968 2244 1067 2290 res
1112 2223 1388 2308 publica.
1460 2221 1638 2290 Haec
1683 2229 1835 2288 sunt
1873 2243 2035 2308 quae
2070 2221 2421 2288 secundum
2461 2223 2901 2310 Augustinnm
2922 2268 2939 2300 ,
2978 2221 3133 2288 dili-

738 2329 998 2416 gentius
1045 2350 1238 2415 quam
1287 2328 1530 2394 solebat
1549 2377 1567 2402 .
1617 2328 2095 2394 demonstrabat
2140 2325 2397 2412 Cicer03
2444 2328 2525 2394 cf.
2579 2331 2743 2416 Aug.
2784 2327 2971 2394 XIX..
3014 2327 3131 2392 21.

743 2433 815 2502 1:
867 2456 1044 2514 „rem
1095 2433 1419 2521 publicam
1473 2431 1714 2520 (Scipio
1761 2433 1929 2518 opud
1969 2429 2132 2520 Cic.)
2174 2431 2397 2500 definit
2432 2453 2567 2500 esse
2603 2453 2738 2499 rem
2766 2433 3005 2519 populi.
3042 2471 3129 2482 ——

735 2539 1054 2627 Populum
1106 2561 1240 2607 esse
1291 2577 1376 2591 -
1423 2547 1679 2607 coctum
1728 2537 2168 2607 multitudinis
2214 2540 2372 2605 iuris
2414 2562 2699 2607 commu
2746 2547 2813 2606 et
2872 2539 3133 2607 utilita-

735 2648 824 2711 tis
885 2648 1328 2712 communione
1389 2648 1726 2711 sociatum.
1813 2644 1982 2724 Quid
2042 2652 2255 2710 antem
2330 2645 2500 2711 dicat
2562 2647 2719 2710 iwrio
2782 2668 3133 2711 consensum

735 2750 1119 2837 disputando
1179 2751 1456 2836 explicet
1519 2786 1601 2799 --
1665 2749 2002 2815 ostendens
2063 2749 2201 2839 geri
2260 2750 2391 2815 cine
2451 2749 2696 2815 iustitia
2752 2770 2879 2817 non
2942 2772 3130 2837 posse

731 2876 868 2925 rem
934 2856 1258 2942 publicam
1325 2856 1594 2941 (aliquid
1658 2854 1763 2919 hic
1822 2854 1995 2919 deest
2042 2854 2109 2919 in
2156 2854 2761 2943 demonstratione);
2808 2857 2925 2921 ubi
2970 2876 3131 2945 ergo

731 2966 985 3030 iustitia
1037 2983 1189 3030 vera
1233 2981 1358 3028 non
1405 2968 1535 3037 est,
1583 2982 1698 3027 nec
1746 2963 1848 3025 ius
1893 2968 2103 3045 potest
2149 2982 2303 3027 esse.
2372 2960 2557 3037 Quod
2604 2965 2775 3029 enim
2825 2966 2967 3029 iure
3018 2962 3089 3028 fit
3110 3012 3128 3041 ,

729 3070 1012 3155 profecto
1072 3070 1240 3135 iuste
1301 3066 1374 3133 fit
1391 3088 1408 3145 3
1473 3068 1642 3152 quod
1689 3073 1909 3132 autem
1956 3064 2033 3131 fit
2076 3069 2315 3133 iniuste
2359 3088 2475 3133 nec
2520 3070 2659 3133 iure
2706 3066 2841 3133 fieri
2890 3074 3123 3154 potest.

732 3174 876 3240 Non
921 3177 1094 3239 enim
1141 3176 1282 3239 iura
1331 3172 1596 3238 dicenda
1643 3179 1795 3237 sunt
1840 3170 1945 3240 vel
1992 3172 2274 3257 putanda
2314 3173 2535 3258 iniqua
2578 3174 2919 3239 bominum
2970 3194 3126 3238 con-

731 3283 994 3357 stituta,
1043 3300 1188 3345 cum
1231 3278 1396 3343 illud
1437 3280 1630 3343 etiam
1673 3278 1797 3363 ipsi
1836 3280 1940 3343 ius
1976 3298 2111 3343 esse
2152 3277 2367 3343 dicant
2406 3279 2477 3364 (i.
2504 3300 2555 3343 e.
2600 3281 2727 3363 ipsi
2773 3279 3128 3365 fateantur)

731 3387 897 3472 quod
945 3386 1024 3451 de
1066 3388 1352 3451 iustitiae
1397 3384 1570 3450 fonte
1617 3387 2009 3461 manaverit,
2066 3383 2427 3469 falsumque
2472 3406 2607 3451 esse
2652 3386 2779 3471 (est
2794 3382 2848 3469 2)
2870 3432 2887 3463 ,
2951 3386 3127 3471 quod

733 3512 770 3557 a
807 3490 1191 3575 quibusdam
1239 3510 1364 3557 non
1411 3496 1580 3557 recte
1623 3489 2047 3555 sentientibus
2084 3488 2207 3554 dici
2252 3488 2450 3571 solet,
2492 3490 2556 3555 id
2594 3510 2731 3557 esse
2768 3494 2908 3576 ius,
2948 3492 3125 3577 quod

732 3597 790 3661 ei
811 3644 826 3671 ,
869 3598 980 3681 qui
1021 3594 1167 3681 plus
1205 3602 1448 3680 potest,
1491 3593 1652 3660 utile
1690 3600 1805 3659 est.
1854 3592 2163 3669 Quocirca
2202 3595 2313 3659 ubi
2352 3616 2477 3660 non
2514 3602 2611 3661 est
2650 3616 2799 3662 vera
2830 3600 3087 3663 iustitia
3106 3646 3122 3669 .

730 3701 892 3767 iuris
937 3720 1238 3767 consensu
1285 3703 1560 3767 sociatus
1605 3707 1823 3767 coetus
1868 3698 2203 3765 hominum
2251 3720 2375 3766 non
2396 3708 2623 3785 ‘potest
2662 3722 2827 3779 esse,
2872 3708 2939 3767 et
2976 3704 3125 3769 ideo

730 3828 846 3875 nec
886 3807 1164 3894 populns
1209 3806 1518 3891 (volebatz
1562 3806 1671 3883 „id
1718 3812 1933 3871 autem
1983 3812 2081 3871 est
2126 3805 2469 3892 populus”)
2520 3810 2703 3873 iuxta
2746 3807 2933 3873 illam
2986 3808 3126 3875 Sei·

731 3916 939 4000 pionis
985 3913 1090 3979 vel
1138 3910 1458 3979 Ciceronis
1505 3909 1996 3977 definitionem'’.
2056 3911 2347 3996 Denique
2388 3920 2559 3979 recte
2606 3913 2861 4001 colligit
2907 3916 3123 3981 dicta:

733 4022 831 4099 „si
869 4040 972 4085 res
1014 4017 1269 4104 publica
1313 4038 1412 4083 res
1459 4023 1556 4083 est
1601 4017 1853 4101 populi,
1908 4024 1973 4081 et
2010 4017 2283 4104 populus
2320 4038 2444 4085 non
2482 4028 2615 4104 est,
2658 4022 2769 4105 qui
2807 4040 3123 4087 consensu

728 4144 854 4193 non
907 4126 1187 4189 sociatus
1245 4129 1346 4189 est
1396 4124 1592 4198 iuris,
1659 4142 1785 4187 non
1842 4128 1939 4187 est
2000 4129 2215 4189 autem
2276 4126 2413 4209 ius,
2480 4125 2594 4190 ubi
2640 4124 2819 4191 nulla
2865 4127 3125 4191 iustitia

731 4234 858 4297 est:
927 4226 1148 4314 procul
1209 4228 1404 4293 dnbio
1449 4226 1781 4315 colligitur
1823 4229 1938 4293 ubi
1984 4230 2235 4295 iustitia
2278 4250 2401 4297 non
2448 4233 2567 4315 sit,
2618 4250 2745 4297 non
2792 4252 2929 4298 esse
2978 4253 3121 4299 rem

729 4332 1124 4421 publicam’'.

817 4438 998 4508 Haeo
1055 4438 1404 4525 disputatio
1447 4458 1574 4505 non
1619 4440 1696 4507 ad
1748 4436 1939 4505 finem
1985 4438 2136 4506 libri
2179 4442 2527 4509 reiicienda
2572 4448 2669 4509 est
2684 4488 2703 4523 ,
2752 4444 2865 4509 sed
2910 4446 3113 4533 perti·
