3436 5161
675 366 801 436 108
1620 384 1704 433 An
1753 382 2096 432 memmi.

665 552 791 621 τόν.
880 552 1059 619 Haec
1119 552 1434 618 frontibus
1503 550 1787 616 adversis
1849 568 2064 615 secum
2128 550 2439 635 pugnant.
2525 544 2828 632 Suspicor
2889 548 3056 613 inter

669 659 1262 741 ἐδυσχέραινον
1302 664 1369 724 et
1410 657 1668 739 ἠρέμα
1716 655 1987 722 καίτοι
2035 656 2384 721 scribarum
2433 655 2682 720 incuria
2723 656 3005 740 periisse.

756 884 912 973 Gap.
961 886 1024 953 9.
1071 884 1278 975 Lege:
1327 880 1444 951 ὅσα
1490 884 1637 967 πρὸς
1684 886 1796 961 τὴν
1841 886 2101 961 τελετὴν
2149 877 2272 970 (ἦν)
2317 883 2626 967 χρήσιμα.

757 1113 911 1202 Gap.
979 1114 1087 1183 12.
1153 1115 1182 1181 ὃ
1243 1115 1307 1181 δέ
1335 1162 1625 1182 .......
1691 1114 2056 1194 εὐδαίμονας
2120 1112 2268 1197 ᾤετο
2319 1111 2425 1179 καὶ
2473 1110 2814 1193 μακαρίους
2863 1111 2908 1177 ὦ
2925 1134 2976 1176 π
2989 1134 3052 1177 ο-

664 1224 1021 1306 Φαίνειν.
1090 1222 1378 1290 Emonda
1420 1224 1705 1306 οἶοι-σφα
1728 1230 1908 1287 νεῖν.

756 1448 909 1538 Gap.
982 1450 1087 1517 16.
1154 1454 1258 1517 τὸν
1319 1452 1384 1516 δὲ
1432 1450 1807 1534 Μαιάνδριον
1854 1450 2003 1524 τέως
2054 1451 2115 1516 ἐν
2160 1458 2285 1523 τοῖς
2334 1450 2601 1524 οἰκέταις
2650 1445 3051 1524 πομπεύοντα

663 1560 775 1633 τὴν
839 1562 947 1623 τοῦ
1012 1556 1440 1638 Πολυκράτους
1504 1558 1945 1641 τυραννίδα
2008 1556 2525 1636 μετενέδυσε.
2631 1553 3054 1621 Vehementer

666 1664 965 1751 displicet
1023 1665 1179 1730 haec
1241 1666 1579 1750 tyrannidis
1641 1668 1884 1731 mentio
1903 1715 1921 1750 ,
1986 1685 2111 1751 qua
2157 1665 2610 1731 venustissima
2653 1660 2770 1727 illa
2805 1682 3054 1743 pompae

662 1772 881 1857 imago
926 1772 1138 1836 subito
1184 1770 1591 1856 abrumpitur
1638 1776 1703 1837 et
1750 1792 1828 1836 ex
1874 1791 2096 1836 scaena
2136 1771 2468 1855 derepente
2508 1769 2589 1834 ad
2628 1770 2831 1834 vitam
2873 1786 3054 1834 revo-

664 1895 903 1941 camur.
974 1876 1120 1941 Non
1175 1878 1433 1944 invenio
1495 1876 1665 1962 quod
1726 1880 1939 1965 magis
1999 1876 2153 1943 huic
2213 1876 2354 1943 loco
2414 1876 2783 1957 conveniat,
2856 1892 3051 1957 quam

663 1982 773 2056 τὴν
833 1984 939 2046 τοῦ
990 1982 1419 2061 Πολυκράτους
1468 1983 1950 2064 πορφυρίδα.
2025 1982 2189 2047 Rem
2237 1988 2491 2048 tantum
2541 2002 2666 2047 non
2712 1986 2891 2045 extra
2937 1978 3050 2045 du-

662 2087 846 2152 bium
894 2094 1137 2173 ponunt
1180 2108 1341 2174 quae
1387 2092 1687 2155 continuo
1735 2094 2087 2174 sequuntur
2134 2088 2237 2154 καὶ
2290 2088 2478 2169 μέχρι
2525 2085 2640 2167 μέν
2678 2109 2833 2158 τινος
2877 2084 3049 2151 εἴασε

662 2196 931 2276 χρῆσθαι
977 2198 1073 2277 τῷ
1124 2197 1530 2276 σχήματι.

760 2423 811 2486 0
995 2470 1011 2488 .

754 2424 1036 2616 oxma
1101 2537 1455 2611 συγκαμεῖν
1512 2526 1577 2595 δέ
1622 2552 1682 2594 τι
1731 2528 1836 2595 καὶ
1885 2528 2267 2612 ὑπουργῆσαι
2317 2526 2423 2594 καὶ
2470 2526 2539 2594 σὲ
2585 2529 2619 2593 δ
2635 2534 2726 2594 εῒ.
2797 2524 3045 2612 Expec-

662 2637 879 2703 tabam
926 2635 1215 2712 δεήσει.
1282 2673 1287 2678 -

751 2863 904 2950 Gap.
956 2864 1016 2929 4.
1066 2864 1171 2929 τὸν
1211 2868 1553 2930 ’Ἄτλαντα
1600 2865 1834 2939 δηλαδη
1877 2863 2090 2942 εἰδότι,
2138 2889 2215 2937 ος
2251 2866 2356 2931 τὸν
2389 2864 2573 2930 πόλον
2615 2860 2702 2936 εἷς
2737 2864 2814 2930 ὢν
2849 2864 3040 2945 Φέρει.

660 2969 1021 3037 Sententiae
1063 2969 1302 3036 melius
1350 2973 1643 3036 convenit
1693 2995 1834 3036 οτι.
1899 2971 2102 3036 Miror
2140 2973 2286 3035 haec
2325 2972 2440 3036 tibi
2466 2979 2813 3054 portentosa
2851 2971 3046 3034 videri

658 3099 790 3144 cum
829 3081 1177 3162 praesertim
1218 3080 1374 3142 scias
1418 3075 1742 3142 Atlantem
1790 3082 2000 3143 totum
2050 3077 2299 3144 coelum
2346 3078 2630 3144 humeris
2667 3079 2998 3143 sustinere.

751 3299 904 3389 Gap.
971 3301 1035 3371 ’7.
1095 3301 1245 3377 ὥςτε
1291 3304 1371 3370 σὺ
1418 3305 1502 3372 τὸ
1550 3305 1653 3371 ἐπὶ
1698 3305 1893 3387 τούτῳ
1942 3305 2486 3388 προσδίδασκέ
2531 3330 2633 3385 με.
2709 3305 2834 3372 Sed
2878 3304 3046 3371 nihil

660 3409 866 3475 adhuc
913 3431 1059 3476 eum
1106 3411 1420 3478 docuerat.
1494 3412 1753 3499 Repone
1802 3413 2329 3495 προδίδασκε.

747 3632 903 3722 Gap.
954 3635 1014 3702 8.
1067 3631 1159 3702 ὅτι
1209 3637 1311 3703 τὸν
1358 3643 1576 3718 ταῦρον
1621 3635 1945 3720 ἀράμενος.
2015 3640 2247 3708 Malim
2293 3641 2423 3708 fere
2466 3641 2567 3706 τὸν
2615 3643 2834 3722 ταῦρον
2877 3663 3040 3708 του-

657 3743 852 3809 τονΙ.
924 3742 1021 3810 Of.
1076 3745 1156 3810 13
1207 3745 1315 3818 τὴν
1364 3745 1464 3810 ἐπὶ
1511 3750 1621 3844 τοῦ
1672 3743 1861 3812 ἵππου
1909 3747 2142 3814 τούτου.

750 3954 903 4042 Gap.
954 3955 1059 4023 10.
1112 3957 1293 4038 Χάρ.
1348 3958 1535 4032 Φησὶν
1584 3955 1752 4030 οὗτος
1803 3984 1859 4023 κ.
1901 3985 1961 4024 τ.
2006 3974 2066 4024 λ.
2115 3959 2253 4025 Aut
2296 3961 2486 4039 haec,
2535 3962 2866 4047 expunctis
2903 3981 3044 4028 ver-

658 4065 757 4129 bis
819 4064 1074 4145 φησὶν
1135 4061 1397 4142 οὗτος,
1462 4066 1529 4130 in
1591 4066 1824 4151 quibus
1883 4065 2150 4132 mirifice
2200 4069 2448 4132 variant
2495 4068 2774 4142 codices,
2823 4066 3044 4134 Soloni

658 4177 804 4236 sunt
854 4171 1307 4246 continuanda,
1358 4176 1502 4248 aut,
1551 4174 1607 4236 si
1652 4172 1806 4257 quid
1847 4172 2071 4257 videO,
2113 4173 2418 4238 Mercurio
2441 4177 2655 4260 potius
2683 4173 3041 4240 tribuenda.

656 4273 839 4342 Unde
876 4279 1045 4341 enim
1094 4277 1256 4342 hanc
1308 4278 1603 4343 notitiam
1657 4285 1774 4343 τῶν
1824 4279 1969 4358 ὑπὲρ
2012 4285 2130 4357 γῆς
2173 4279 2250 4344 ad
2276 4277 2654 4345 Charontem
2682 4282 3042 4364 pervenisse

656 4379 999 4468 putemus?
1067 4382 1249 4448 Adde
1296 4384 1463 4469 quod
1512 4385 1858 4449 Mercurius
1903 4405 2013 4471 per
2059 4390 2268 4451 totum
2315 4384 2487 4450 huno
2533 4384 2863 4474 dialogum
2903 4407 3042 4452 ma-

650 4489 931 4575 gistrum
978 4495 1042 4555 et
1085 4493 1499 4576 interpretem
1546 4494 1722 4580 agit,
1769 4512 1896 4557 non
1943 4490 2213 4560 Charon.
