3436 5161
1408 362 1809 412 monorus.
2716 340 2805 408 63

505 527 649 592 Non
711 532 806 592 est
869 545 1094 611 operae
1155 528 1437 610 pretium
1503 549 1577 592 ea
1622 533 1905 612 repetere
1954 547 2116 611 quae
2160 529 2357 592 etiam
2405 525 2595 590 hodie
2640 525 2807 590 mihi

415 643 582 697 recte
631 633 1049 717 disputavisse
1099 632 1316 698 videor
1362 636 1430 697 in
1482 631 1937 718 Mnemosynes
1977 634 2213 699 veteris
2254 634 2443 697 tertio
2482 638 2545 696 et
2585 636 2808 715 quarto

415 738 772 815 volumine,
825 737 936 803 sed
984 758 1108 803 non
1149 737 1566 804 dissimulabo
1604 759 1710 804 me
1750 759 1873 804 non
1913 738 2311 825 intelligere,
2353 757 2466 803 cur
2488 735 2807 820 Steinius,

416 846 528 928 qui
574 844 720 908 inde
767 843 1002 928 pusilla
1050 844 1358 928 quaedam
1411 863 1482 909 ac
1527 844 1658 909 fere
1703 846 1955 909 minuta
2000 845 2295 928 probavit
2340 851 2406 909 et
2451 845 2519 908 in
2569 845 2809 930 marg-i-

415 969 564 1013 nem
615 951 870 1034 majoris
917 951 1215 1016 editionis
1263 949 1626 1028 transtulit,
1676 948 1975 1035 pleraque
2022 953 2343 1027 omiserit,
2384 969 2545 1034 quae
2592 957 2807 1014 tamen

417 1061 528 1118 aut
575 1062 746 1118 certa
794 1075 926 1120 esse
975 1055 1209 1120 dixeris
1259 1062 1370 1120 aut
1417 1058 1766 1120 minimum
1814 1055 2282 1140 improbabilia.
2334 1054 2547 1120 Veluti
2586 1055 2801 1122 11161

417 1161 643 1246 Apries
713 1161 947 1226 dicitur
1017 1171 1156 1246 post
1204 1161 1760 1226 Psammetichum
1811 1161 2005 1226 fuisse
2054 1162 2801 1237 εὐδαιμονέστατος

416 1268 532 1330 τῶν
581 1264 862 1346 πρότερον
905 1267 1240 1344 βασιλέων.
1311 1267 1433 1334 Ille
1477 1275 1694 1334 tamen
1730 1289 1841 1333 rex
1876 1274 1975 1333 est
2008 1267 2119 1353 qui
2158 1267 2595 1354 strangulatus
2629 1270 2804 1335 diem

416 1374 578 1438 obiit
635 1376 896 1458 ipseque
955 1373 1472 1440 Psammetichus
1521 1377 1769 1440 variam
1814 1375 2136 1440 fortunam
2186 1376 2241 1439 si
2288 1378 2428 1458 quis
2476 1374 2642 1440 alius
2688 1393 2805 1440 ex-

413 1486 632 1562 pertus
700 1487 814 1545 est.
909 1480 1075 1544 Mihi
1147 1487 1361 1545 autem
1435 1480 1770 1546 videbatur
1840 1487 1905 1545 et
1972 1481 2159 1546 hodie
2229 1499 2478 1565 quoque
2550 1481 2804 1547 videtur

416 1587 703 1651 omnium
752 1607 980 1672 regum
1031 1593 1174 1670 post
1221 1584 1776 1650 Psammetichum
1822 1586 2051 1671 Apries
2089 1586 2283 1651 fuisse
2324 1586 2805 1663 δαημονέςα·

415 1715 565 1764 τος.
637 1691 968 1756 Nimirum
1017 1699 1134 1756 τῶν
1174 1691 1452 1770 πρότερον
1491 1691 1838 1774 βασιλέων,
1876 1713 2026 1756 nam
2068 1691 2349 1776 palmam
2394 1695 2490 1756 uti
2528 1713 2802 1778 aequum

416 1805 510 1862 est
557 1818 776 1862 omnes
823 1801 1048 1862 Amasi
1097 1799 1348 1864 dabant.
1416 1798 1649 1862 Addidi
1691 1805 2017 1883 praeterea
2060 1796 2524 1882 superlativum
2577 1800 2803 1876 δαημο-

417 1903 665 1974 νέςατος
729 1904 862 1991 legi
917 1907 984 1968 in
1048 1904 1211 1970 Xen.
1283 1902 1512 1990 Cyrop.
1579 1903 1610 1967 l
1671 1904 1735 1967 2.
1812 1904 1893 1968 12
1957 1909 2021 1969 et
2082 1924 2228 1968 cum
2294 1903 2801 1979 εὐδαιμονέςατος

416 2011 617 2094 reperi
665 2011 995 2074 confusum
1046 2009 1241 2074 fuisse
1289 2009 1743 2086 δαημονέςατος
1794 2009 1950 2073 Xen.
2007 2010 2207 2074 Anab.
2256 2008 2288 2073 I
2341 2008 2401 2073 9.
2456 2010 2515 2073 5.
2583 2009 2805 2094 Itaque

415 2135 494 2179 ne
530 2114 718 2179 hodie
758 2114 1016 2200 quidem
1056 2122 1198 2199 post
1237 2121 1332 2180 tot
1366 2136 1672 2180 annorum
1713 2115 2127 2181 intervallum
2168 2115 2355 2180 video
2393 2115 2546 2199 quid
2586 2121 2804 2181 contra

416 2220 544 2284 dici
607 2223 827 2304 possit.
916 2218 1097 2299 Quod
1149 2219 1433 2286 Steinius
1478 2220 1770 2288 laudavit
1817 2220 1937 2286 VII
1986 2220 2150 2304 164,
2198 2221 2266 2287 id
2317 2241 2614 2306 quorsum
2664 2242 2802 2305 per·

415 2328 653 2404 tineat‚
699 2327 812 2392 vix
859 2331 1136 2413 apparet.

507 2538 604 2608 De
652 2541 870 2607 Amasi
914 2540 1194 2629 legimus
1233 2540 1294 2608 II
1339 2539 1500 2607 162:
1547 2539 1781 2620 ἐπάρας
1828 2543 1993 2627 (add.
2023 2543 2093 2608 τὸ
2119 2541 2331 2615 σκέλος
2358 2563 2505 2609 cum
2533 2538 2800 2629 Oobeto)

416 2646 825 2722 ἀπεματάισε
899 2650 1000 2711 καὶ
1074 2648 1253 2713 τοῦτο’
1321 2674 1430 2726 μιν
1502 2648 1745 2715 ἐκέλευε
1822 2649 2045 2731 Ἀπρίῃ
2118 2652 2506 2727 ἁπάγειν.
2580 2646 2802 2714 Itane?

407 2752 752 2837 jubeturne
811 2753 1213 2819 Patarbemis
1268 2755 1545 2832 ἀπάγειν
1605 2758 1915 2841 crepitum
1982 2754 2265 2820 ventris?
2349 2754 2491 2819 Hoc
2540 2754 2800 2838 quidem

417 2864 513 2923 est
575 2858 642 2921 ἐκ
704 2865 818 2923 τῶν
883 2858 1218 2925 ἀδυνάτων.
1307 2858 1432 2926 Sed
1476 2861 1642 2946 quod
1692 2861 2095 2946 responderat
2140 2860 2445 2946 peculiari
2493 2861 2680 2925 modo
2728 2880 2800 2925 ac

417 2964 839 3031 contumeliae
898 2966 1108 3050 pleno,
1173 2965 1241 3030 id
1296 2966 1554 3033 Amasis
1603 2970 1799 3052 jussit
1859 2970 1997 3054 regi
2063 2968 2475 3033 Patarbemin
2542 2969 2801 3044 ἀπαγ-

415 3068 768 3147 γέλλειν.
840 3069 980 3136 Hoc
1027 3070 1345 3159 intelligo.

506 3285 812 3373 Aegyptii
872 3286 982 3372 qui
1041 3286 1374 3372 Memphin
1440 3288 1771 3371 tenebant,
1835 3294 1913 3353 ut
1957 3294 2053 3353 est
2098 3287 2204 3353 III
2255 3286 2375 3365 13,
2426 3288 2804 3352 obtruncant

414 3390 662 3476 legatos
723 3392 1088 3458 Persarum:
1159 3392 1298 3465 τοὺς
1363 3391 1584 3470 ἄνδρας
1648 3394 2040 3474 κρεουργηδὸν
2102 3394 2566 3465 διασπάσαντες
2635 3393 2805 3472 ἑφό-

414 3520 572 3577 ρεον
639 3498 709 3568 ἐς
775 3498 844 3561 τὸ
909 3506 1141 3577 τεῖχος.
1227 3498 1370 3564 Hoc
1418 3498 1678 3583 quidem
1729 3502 1923 3564 nimis
1969 3498 2334 3565 ridiculum.
2382 3498 2803 3585 Reliquerunt

415 3604 637 3687 opinor
695 3604 1006 3669 mutilata
1067 3608 1356 3671 membra
1415 3606 1490 3677 ὣς
1544 3602 1636 3669 ὅτι
1684 3607 2123 3685 Φοβερώτατον
2169 3615 2292 3679 τοῖς
2342 3608 2655 3684 πολεμίοις
2708 3604 2798 3680 εἴη

415 3708 594 3793 δρᾶν,
657 3716 738 3775 ut
795 3716 938 3775 utar
999 3710 1440 3796 Xenophontis
1502 3712 1713 3777 verbis
1776 3712 1983 3778 Anab.
2043 3710 2137 3777 III
2183 3713 2245 3776 4.
2296 3710 2353 3776 5.
2428 3710 2539 3776 Illi
2584 3718 2801 3777 autem

411 3816 784 3899 inexpiabili
848 3816 1121 3881 facinore
1171 3817 1448 3881 admisso
1501 3818 1914 3899 ἐφρούρεον
1962 3818 2031 3882 τὸ
2080 3826 2313 3896 τεῖχος.
2386 3816 2630 3881 Deinde
2677 3820 2801 3878 sta-

415 3923 539 3985 tim
589 3924 878 4006 sequitur
927 3922 1246 3987 obsessam
1297 3923 1520 3987 urbem
1569 3931 1634 3987 et
1681 3928 2106 4009 expugnatam
2157 3920 2368 3986 fuisse.

507 4132 748 4219 Supple
795 4135 899 4200 III
953 4134 1074 4199 14:
1122 4135 1238 4217 βοῇ
1289 4158 1358 4199 τε
1408 4134 1514 4199 καὶ
1565 4135 1859 4213 κλαυθμῷ
1912 4131 2279 4217 (ἀφθόνῳ)
2332 4131 2671 4211 παρήισαν,
2720 4130 2803 4196 cf.

411 4238 519 4305 111
579 4240 664 4305 66
733 4246 800 4307 et
858 4240 1034 4308 alibi.
1096 4240 1254 4307 Mox
1313 4242 1382 4306 in
1439 4240 1654 4307 eodem
1724 4239 1963 4325 capite:
2015 4242 2133 4303 τῶν
2182 4237 2390 4301 ἄλλων
2439 4238 2801 4314 Αἰγυπτίων

414 4350 536 4411 τῶν
597 4348 1091 4425 περικατημένων
1148 4348 1390 4412 αὐτὸν
1453 4346 1923 4423 κλαιόντων,
1971 4343 2139 4409 malo
2186 4342 2799 4429 ὥνακλαιόντων,

414 4456 598 4521 cuius
647 4455 985 4541 compositi
1033 4455 1100 4517 in
1147 4453 1264 4519 hoc
1311 4458 1696 4540 argumento
1743 4452 2147 4537 perfrequens
2192 4470 2345 4515 usus
2390 4456 2501 4515 est.
