3436 5161
628 352 718 424 20
1617 369 2015 423 naono-rus.

715 539 798 608 V.
863 538 969 607 57.
1033 537 1189 616 ἦσαν
1255 539 1519 608 Φοίνικες
1584 539 1701 607 τῶν
1757 538 1867 604 σὺν
1916 539 2150 622 Κάδμῳ
2204 539 2587 620 ἀπικομένων
2637 541 3007 629 [Φοινίκων].

626 644 930 713 Deleatur
973 666 1227 712 nomen.

722 854 800 922 V.
867 855 951 923 5¹7
1016 862 1177 923 extr.
1226 861 1546 922 πολλῶν
1598 881 1750 923 τεων
1793 856 1898 921 κα)
1946 859 2053 924 οὐκ
2100 857 2548 938 ἀξιαπηγήτων
2597 859 3007 937 ἐπιτάξαντες

627 959 931 1044 ἔργεσθαι.
980 961 1376 1028 Sententiam
1419 963 1704 1028 restituit
1746 969 1877 1029 tam
1922 961 2269 1030 Oobetiana
2308 964 2667 1032 coniectura
2705 969 2835 1032 6λὶ
2850 991 2893 1046 γ
2918 992 3008 1032 ων

626 1089 817 1154 quam
867 1067 1286 1156 Madvigiana
1327 1071 1520 1147 <οὐ>
1563 1075 1847 1148 πολλῶν,
1895 1090 2086 1156 qnam
2112 1070 2407 1156 equidem
2436 1071 2867 1157 praetulerim.
2908 1073 3009 1138 In-

624 1174 924 1240 credibile
970 1174 1148 1239 dictu
1195 1179 1292 1239 est
1337 1177 1586 1260 quoties
1636 1173 1886 1241 librarii
1932 1179 2338 1265 negationem
2387 1178 2803 1266 neglexerint.
2870 1179 3012 1260 Qua

623 1280 701 1346 de
761 1301 829 1344 re
891 1301 1036 1345 cum
1099 1278 1257 1345 alibi
1318 1301 1502 1366 saepe
1568 1284 1821 1359 monui,
1885 1288 2025 1348 tum
2092 1282 2495 1349 luculentum
2544 1306 2746 1370 nuper
2792 1307 3007 1352 exem-

622 1385 805 1471 plum
869 1385 1063 1452 attuli
1125 1386 1204 1453 ad
1265 1385 1503 1453 Herod.
1551 1385 1646 1452 IV
1699 1387 1829 1453 130
1875 1396 1940 1454 et
1987 1407 2225 1455 novum
2278 1390 2443 1454 infra
2488 1390 2743 1457 afferam
2791 1392 2871 1458 ad
2918 1391 3011 1458 VI

629 1490 780 1558 110.
853 1491 997 1578 Ipse
1046 1489 1323 1559 Cobetus
1369 1491 1464 1558 VI
1513 1492 1599 1559 52
1645 1496 1913 1583 corrigit
1964 1497 2157 1570 <οὐ>
2206 1495 2607 1574 βουλομένην.

712 1703 789 1772 V.
849 1705 936 1770 58
994 1702 1171 1770 ἄλλα
1234 1729 1306 1772 τε
1365 1707 1578 1772 πολλὰ
1631 1707 2029 1794 (Phoenices)
2078 1732 2105 1775 ο
2123 1709 2140 1772 ἲ
2161 1732 2198 1773 κ
2213 1709 2248 1784 ἦ
2264 1733 2303 1773 σ
2320 1733 2363 1773 α
2382 1734 2411 1774 ν
2430 1733 2469 1774 τ
2485 1734 2516 1774 ε
2536 1735 2564 1782 ς
2613 1710 2848 1787 ταύτην
2893 1713 3007 1785 τὴν

622 1817 824 1894 χώρην
863 1813 1179 1893 ἰσήγαγον
1217 1812 1597 1880 διδασκάλια
1639 1816 1770 1880 κτὲ.
1818 1814 1971 1881 Loci
1994 1817 2158 1881 ratio
2182 1815 2464 1901 postulat
2509 1841 2537 1882 ο
2556 1819 2575 1882 ἱ
2594 1841 2629 1882 κ
2648 1820 2671 1883 1
2684 1841 2723 1882 ο·
2738 1845 2781 1884 α
2804 1842 2833 1882 ν
2850 1843 2889 1883 τ
2913 1844 2942 1884 ε
2958 1845 3009 1893 ς.

714 2027 791 2095 V.
835 2027 919 2094 59
959 2023 1148 2096 Εἶδον
1185 2028 1251 2095 δὲ
1290 2029 1623 2102 natat-m
1666 2029 1960 2106 Καδμήια
2005 2027 2367 2109 γράμματα
2408 2033 2470 2096 ἐν
2512 2031 2596 2110 τῶ
2637 2035 2742 2096 τοῦ
2772 2029 3012 2097 ’Λπόλ-

621 2150 806 2207 λωνος
870 2138 977 2201 τοῦ
1047 2135 1354 2214 Ἰσμηνίου
1417 2136 1477 2200 ἐν
1540 2136 1787 2217 Θήβησι
1848 2145 1989 2216 τῇσι
2056 2143 2318 2202 Βοιωτῶν
2383 2135 2512 2201 ἐπὶ
2570 2136 2806 2216 τρίποσι
2851 2139 3008 2217 τρΙσι

624 2241 1166 2320 ἐγκεκολαμμένα.
1244 2240 1413 2323 Quid
1460 2245 1545 2307 sit
1591 2240 2008 2320 ἐγκολάπτειν
2051 2241 2153 2307 ἐπὶ
2200 2243 2472 2321 τρίποδι,
2522 2263 2647 2308 non
2694 2263 3007 2329 assequor.

621 2345 829 2413 Verba
893 2347 1339 2426 ἐγκολάπτειν,
1397 2347 1747 2424 ἐντάμνειν,
1802 2346 2152 2427 ἐγγράφειν
2202 2347 2446 2414 similia
2493 2351 2851 2436 iunguntur
2895 2356 3009 2415 aut

621 2473 768 2518 cum
819 2452 1104 2540 simplici
1148 2455 1398 2530 dativ0,
1450 2462 1562 2517 aut
1607 2473 1757 2518 cum
1803 2471 2087 2538 praepos.
2138 2454 2196 2517 ἐν
2244 2460 2311 2518 et
2354 2452 2571 2538 paullo
2612 2456 2816 2519 rarius
2856 2476 3007 2520 cum

615 2580 824 2647 praep.
878 2561 985 2632 ele.
1059 2559 1266 2641 Quare
1311 2565 1421 2626 aut
1466 2565 1873 2648 expungatur
1919 2560 2299 2647 praepositio
2347 2557 2427 2625 cl.
2470 2557 2501 2624 I
2542 2557 2631 2625 93
2651 2609 2669 2645 ,
2714 2565 2831 2627 aut
2868 2582 3001 2627 cor-

616 2667 866 2753 rigatur
916 2666 977 2730 ἐν
1024 2665 1105 2732 cl.
1152 2665 1214 2731 II
1265 2664 1392 2732 106

702 2878 776 2947 V.
816 2877 926 2944 63.
971 2878 1455 2944 Lacedaemonii
1493 2878 1900 2945 Ancbimolio
1942 2878 2103 2944 duce
2145 2876 2345 2951 classe
2384 2882 2691 2944 venerant
2728 2880 2796 2943 in
2827 2878 3004 2944 Atti-

613 3004 754 3050 cam
794 2975 1121 3071 ex'pulsuri
1170 2983 1625 3049 Pisistratidas.
1697 2984 1793 3049 Hi
1831 3003 1984 3051 vero
2026 2985 2397 3049 immittunt
2439 2986 2520 3049 iis
2547 2982 3000 3050 Thessalorum

613 3094 999 3178 equitatum,
1050 3092 1159 3175 qui
1201 3088 1440 3155 multos
1487 3088 1799 3167 Lacones,
1840 3091 1905 3155 in
1957 3090 2190 3175 quibus
2236 3091 2448 3175 ipsum
2510 3090 2775 3176 ducem,
2830 3091 2998 3157 occi-

614 3198 811 3276 dunt,
891 3197 1032 3269 τοὺς
1098 3196 1160 3261 δὲ
1217 3196 1712 3273 περιγενομένους
1776 3196 1978 3261 αὐτῶν
2046 3197 2103 3267 ἐς
2167 3196 2287 3267 τὰς
2352 3196 2493 3267 νέας
2567 3196 2929 3276 κατέρξα
2950 3222 2999 3261 ν.

613 3303 782 3371 Οιιῑιι
846 3302 1170 3383 κατέργειν
1229 3304 1316 3367 sit
1375 3302 1684 3366 includere
1744 3308 1810 3366 et
1843 3302 2190 3385 prohibere,
2241 3301 2613 3377 artificiose,
2662 3304 2704 3367 i.
2759 3321 2813 3367 e.
2861 3322 3001 3387 pes-

613 3412 814 3493 sime,
855 3409 1015 3476 duce
1063 3407 1626 3495 Schweighaueem
1672 3410 2213 3493 interpretantur:
2258 3408 2324 3471 in
2372 3430 2550 3473 naves
2596 3409 3003 3491 compulerunt

613 3526 670 3583 et
739 3518 825 3581 ibi
885 3522 1264 3581 coercuerunt
1282 3562 1299 3592 ,
1363 3514 1694 3579 escensione
1748 3514 2194 3596 prohibuerunt.
2309 3511 2622 3598 Equidem
2687 3520 2999 3600 punctum

614 3625 921 3710 temporis
980 3641 1104 3687 non
1165 3620 1388 3685 dubito
1436 3622 1590 3705 quin
1635 3618 1724 3684 H.
1772 3621 2095 3704 scripserit
2142 3638 2269 3685 una
2316 3618 2532 3684 addita
2581 3618 2838 3685 literula
2888 3642 2998 3684 κα-

613 3730 959 3813 τΗρΛξαν,
985 3728 1344 3813 praecipites
1389 3726 1795 3811 compulerunt
1838 3725 1905 3789 in
1952 3748 2163 3809 naves,
2212 3744 2466 3810 prorsus
2506 3730 2580 3805 nt
2619 3726 2873 3811 scripsit
2895 3724 2995 3791 IX

617 3834 702 3902 69
751 3842 948 3901 extr.:
1001 3834 1142 3905 τοὺς
1190 3834 1436 3904 λοιποὺς
1485 3829 1967 3913 κατήραξαν
2018 3833 2074 3903 ἐς
2126 3831 2229 3896 τὸν
2279 3832 2632 3911 Κιθαιρῶνα.

700 4048 784 4117 V.
851 4047 961 4115 64.
1030 4048 1081 4113 οἱ
1140 4046 1205 4112 δὲ
1270 4044 1721 4125 περιγενόμενοι
1782 4046 2275 4110 α’παλλάο-σοντο
2328 4046 2406 4115 ὥς
2454 4038 2622 4126 εἶχον
2676 4042 2843 4114 ἰθὺς
2894 4042 2995 4109 ἐπὶ

621 4156 995 4230 Θεσσαλίης.
1081 4154 1208 4219 Pro
1266 4152 1390 4223 ἰθὺς
1439 4152 1616 4218 Stein
1661 4152 2000 4216 substituit
2046 4152 2252 4235 εὐθύς,
2302 4152 2572 4217 formam
2630 4170 2753 4214 non
2795 4148 2997 4215 Hero·

611 4263 886 4328 doteam.
972 4258 1212 4325 Debuit
1275 4257 1504 4323 saltem
1571 4256 1770 4341 ἰθέως,
1835 4262 1909 4322 ut
1975 4264 2069 4322 est
2130 4256 2226 4321 VI
2293 4256 2373 4321 17
2449 4254 2588 4319 ὅδὲ
2636 4254 2857 4325 ἰθέως
2904 4254 2995 4324 ὥς

612 4363 688 4433 εἷ
705 4392 804 4448 χε
855 4364 1054 4431 ἔπλιιιε
1102 4366 1162 4437 ἐς
1213 4364 1502 4438 Φοινίκην.
1576 4362 1795 4451 Magis
1842 4369 2055 4428 tamen
2104 4363 2270 4427 mihi
2317 4348 2548 4427 arridet
2586 4358 2995 4447 Wesselingii

610 4476 972 4545 coniectura
1020 4470 1138 4551 ἰθύ
1156 4518 1172 4551 ,
1229 4472 1419 4537 modo
1456 4468 1653 4536 simul
1693 4468 1980 4535 deleatur
2020 4469 2403 4555 praepositio
2444 4467 2551 4532 ἐπί
2575 4516 2593 4553 ,
2635 4485 2797 4552 quae
2830 4472 2999 4534 recte
