3436 5161
1302 419 1389 473 An
1434 390 1834 473 Romnum.
2633 402 2764 469 129

462 590 626 658 IBID.
672 582 735 658 P.
788 590 917 657 156
956 594 1285 657 sententias
1320 594 1447 657 eius
1488 577 1784 657 tolutares
1825 592 1995 656 video
2033 613 2343 677 nusquam
2380 590 2764 675 quadripedo

369 701 597 764 concito
642 722 824 764 cursu
871 710 1175 783 tenere,
1226 721 1532 785 nusquam
1569 720 1878 786 paquare.

464 804 688 869 Deleto
737 807 1000 886 concito,
1051 807 1117 868 in
1166 823 1289 889 quo
1336 802 1475 868 ludi
1520 806 1822 893 magistri
1869 824 2096 869 manus
2133 802 2319 869 facile
2359 804 2764 890 agnoscitur,

370 910 575 977 scribe
621 912 1003 998 quadripedo
1049 934 1231 975 eursu
1276 912 1541 990 <<ιοη>ιι
1559 914 1868 977 endere.

464 1122 624 1188 1311).
687 1142 745 1188 P.
818 1123 943 1192 157
1002 1138 1075 1190 ut
1120 1126 1444 1191 histriones
1465 1172 1480 1203 ‚
1531 1148 1717 1212 quom
1754 1125 2146 1213 palleolatim
2189 1124 2424 1188 saltant
2442 1170 2458 1201 ‚
2505 1125 2765 1187 caudam

374 1232 567 1316 cycni,
638 1231 931 1318 capillum
1011 1231 1259 1296 Veneris
1281 1278 1297 1308 ,
1360 1232 1591 1297 Furiae
1642 1232 1968 1321 flayellum
2026 1233 2232 1296 eodem
2269 1230 2470 1317 pallio
2515 1231 2765 1293 demon-

375 1328 619 1400 strant:
665 1338 757 1400 ita
804 1324 913 1402 isti
948 1362 1139 1402 unam
1173 1340 1541 1424 eandemque
1578 1341 1940 1403 sententiam
1979 1337 2360 1401 multimodtb
2383 1336 2766 1422 faciunt,

376 1442 675 1506 ventilant
696 1488 711 1518 ,
758 1456 1173 1518 commutant,
1222 1456 1595 1509 convertunt.
2481 1506 2488 1513 .

470 1546 593 1611 Pro
654 1552 823 1634 cycni
881 1548 1224 1636 legendum
1289 1570 1422 1615 esse
1478 1548 1736 1627 Glauci,
1790 1554 1972 1615 antea
2019 1550 2241 1614 monui
2289 1547 2433 1613 coll.
2483 1546 2766 1631 Velleio,

377 1652 469 1717 ΙΙ.
518 1652 625 1717 33.
693 1654 827 1719 Neo
874 1658 1174 1740 poenitet.
1250 1655 1375 1721 Sed
1420 1677 1656 1721 errasse
1705 1678 1809 1721 me
1859 1655 2043 1720 video
2093 1674 2292 1739 quum
2334 1676 2412 1719 ex
2449 1654 2768 1718 multimo-

378 1754 721 1844 disfaci‘unt
782 1760 1075 1826 elicerem
1126 1763 1509 1827 multimodis
1555 1763 1962 1849 dispendunt.
2033 1760 2256 1845 Neque
2303 1766 2515 1825 tamen
2562 1758 2770 1844 placet

378 1865 546 1949 quod
598 1885 711 1951 pro
770 1868 987 1952 inepto
1022 1868 1278 1953 faciunt
1324 1868 1501 1933 dedit
1545 1867 1860 1935 Orellius:
1909 1869 2160 1934 iaciunt.
2229 1865 2392 1931 Vera
2437 1866 2630 1931 lectio
2675 1868 2772 1928 est

379 1975 795 2057 quatiunt.
863 1971 961 2039 Of.
1012 1973 1221 2040 Plaut.
1274 1974 1461 2059 Epid.
1511 1973 1633 2039 111.
1690 1974 1750 2038 3.
1803 1974 1907 2038 51.

471 2184 629 2251 ῙΒΠ).
693 2190 893 2253 omnis
952 2188 1040 2253 ibi
1097 2188 1413 2255 Fortunas
1472 2191 1734 2253 antiatis
1750 2236 1766 2265 ‚
1825 2190 2294 2275 praenestinae,
2359 2185 2734 2272 respicientis
2754 2228 2771 2260 ‚

380 2290 866 2357 balnearum
926 2297 1109 2359 etiam
1183 2294 1521 2381 [Fortunas
1581 2296 1822 2378 omnis]
1888 2318 2026 2359 cum
2077 2294 2340 2381 pennis,
2395 2315 2532 2356 cum
2580 2292 2774 2368 rotis,

386 2418 522 2461 cum
563 2399 987 2483 qubernaculis
1038 2402 1330 2489 reperias.

471 2502 712 2583 Verba,
778 2526 938 2591 quae
994 2510 1174 2572 uncis
1220 2507 1487 2584 inclusi,
1538 2504 1957 2594 expungenda
2005 2510 2172 2570 sunt.
2247 2504 2368 2569 Pro
2413 2502 2773 2567 balnearum

381 2608 525 2697 lege
582 2612 1065 2679 balnearem.
1127 2612 1224 2680 cf.
1290 2613 1421 2680 Tit.
1487 2635 1585 2699 ap.
1662 2611 2151 2680 Henzen-Orell.
2213 2634 2275 2675 n.
2327 2609 2540 2686 5796,
2595 2606 2770 2675 5797

383 2719 449 2778 et
494 2712 756 2782 Anthol.
806 2718 949 2785 Lat.
1002 2743 1062 2785 n.
1114 2717 1283 2786 899:
1335 2721 1570 2787 Fausta
1616 2741 1856 2786 novum
1895 2719 2138 2784 domini
2181 2717 2451 2782 condens
2489 2715 2772 2779 Fortuna

382 2817 711 2888 lavacrum
758 2823 1001 2892 Invitat
1046 2826 1245 2892 fessos
1289 2827 1415 2892 huc
1462 2847 1796 2912 properare
1842 2829 2035 2891 viros.

470 3035 629 3102 Ilm).
696 3057 755 3104 P.
826 3039 956 3106 158
1016 3045 1217 3107 addas
1269 3033 1403 3107 licet
1452 3053 1551 3120 „et
1596 3042 1878 3106 earmina
1923 3050 2072 3102 nota
2121 3033 2480 3102 tubarum”.
2550 3033 2674 3099 Sed
2715 3047 2774 3099 et

382 3141 605 3209 loricas
666 3157 726 3211 et
770 3171 951 3214 conos
994 3161 1051 3214 et
1095 3169 1261 3214 emes
1305 3161 1365 3214 et
1408 3149 1634 3213 balteos
1682 3159 1741 3211 et
1788 3167 2026 3211 omnem
2072 3166 2398 3208 armorum
2443 3141 2776 3230 supellecti-

382 3249 499 3314 lem
544 3275 618 3318 se
632 3277 673 3339 q
689 3278 733 3316 u
750 3276 781 3319 e
795 3278 833 3319 r
846 3278 892 3320 e.

478 3355 603 3423 Pro
642 3381 883 3447 sequere
920 3361 1315 3427 Niebuhrius
1354 3361 1529 3426 dedit
1566 3381 1865 3446 exequere.
1914 3357 2168 3442 Inepte,
2212 3358 2454 3441 opinor.
2481 3354 2775 3420 Praestat

390 3464 701 3530 nimirum
750 3491 1101 3555 suqyere.
1174 3465 1272 3535 Of.
1321 3471 1479 3534 Aen.
1530 3467 1610 3532 X.
1664 3465 1795 3530 333
1844 3483 2118 3552 suggere
2163 3460 2294 3528 tela
2337 3463 2523 3527 mihi.

476 3679 637 3745 IBm.
710 3701 769 3748 P.
846 3681 969 3748 161
1043 3685 1265 3749 scabies
1283 3731 1299 3761 ‚
1364 3685 1627 3772 porriyo
1694 3703 1769 3746 ex
1827 3680 2129 3745 eiusmodi
2191 3677 2364 3742 libris
2410 3675 2772 3761 concipitur.

384 3783 559 3873 Loge
606 3789 829 3854 scabies
874 3791 1055 3866 <et>
1103 3791 1381 3877 poro-2⁸90.

476 3891 765 3960 Fortasse
828 3895 1129 3961 Frontoni
1192 3897 1561 3961 obversatus
1620 3898 1717 3959 est
1763 3891 1939 3958 locus
1983 3887 2356 3956 Lucilianus
2401 3883 2598 3971 (apud
2643 3882 2774 3950 No-

384 4001 601 4080 nium,
668 4024 731 4087 p.
800 4002 947 4068 160.
1020 3999 1173 4087 20):
1235 4005 1487 4069 tristem
1550 4009 1615 4067 et
1661 4005 2031 4086 corruptum
2080 3995 2290 4062 scabie
2335 3998 2399 4058 et
2445 3988 2773 4078 porrigini’

384 4106 672 4193 plenum.

478 4321 698 4389 Emer.
739 4339 827 4388 An
864 4299 1511 4405 Auromun'Pmu,
1560 4323 1624 4404 2,
1671 4336 1730 4385 P.
1785 4315 1913 4382 163
1951 4338 2079 4405 pro
2123 4317 2279 4382 trita
2323 4324 2383 4381 et
2426 4313 2774 4378 assidua

386 4429 502 4495 tibi
543 4431 807 4495 materia
855 4430 1110 4519 legatur
1161 4431 1315 4495 trita
1360 4441 1417 4494 et
1463 4437 1802 4492 assueta
1847 4437 1895 4490 t.
1941 4447 2024 4488 m.
