3436 5161
1342 368 1603 419 omme
1645 367 1776 419 mo.
2623 353 2754 422 33¹7

370 532 521 601 ὥστ’
584 535 619 611 ἦ
678 536 880 602 ἐλπίδι
927 540 1034 602 τοῦ
1082 535 1411 617 κρείττονος
1463 535 1497 611 ἢ
1547 538 1697 618 ὀργῇ
1747 539 1853 601 τοῦ
1903 534 2388 617 καταδεεστέραν
2435 576 2517 587 —-
2568 538 2762 605 κινδυ-

370 647 581 708 νεῦσαι
645 644 1053 724 προαχθῆναι.
1140 642 1340 709 Locos
1403 641 1623 728 paullo
1684 642 1890 708 fusius
1938 643 2210 728 excripsi
2259 649 2334 708 ut
2379 644 2628 711 videres
2671 648 2756 727 τῷ

370 748 811 829 ὃμοιοτελεύτῳ
852 748 966 815 has
1014 749 1273 815 lacunas
1316 756 1499 814 natas
1543 768 1669 814 non
1715 769 1850 814 esee
1875 794 1891 826 ,
1937 769 2088 814 nam
2135 748 2296 815 tales
2319 749 2486 815 nihil
2510 771 2758 835 moror,

370 855 523 922 licet
584 856 653 921 in
715 855 797 921 iis
842 876 1091 941 quoque
1137 857 1267 921 fere
1313 854 1782 921 animadvertas
1827 853 2075 920 librarii
2122 854 2338 921 oculos
2385 868 2526 922 tum
2575 858 2756 923 aber-

370 982 541 1027 rasse
588 982 735 1027 cum
783 962 869 1026 τὰ
916 960 1353 1038 ὁμοιοτέλευτα
1400 961 1675 1026 eundem
1723 981 1920 1046 paene
1967 960 2183 1026 locum
2233 962 2299 1026 in
2349 982 2537 1029 versu
2584 968 2760 1028 utro-

372 1086 497 1154 que
540 1074 866 1154 occupent.

464 1173 702 1241 Statim
747 1194 896 1241 vero
942 1173 1055 1239 ubi
1100 1176 1329 1259 incipit
1374 1172 1569 1239 codex
1617 1172 1896 1240 Venetus
1915 1222 1931 1254 ,
1979 1175 2150 1241 hunc
2197 1181 2450 1241 secutus
2497 1179 2613 1241 est.
2683 1175 2756 1242 L.

375 1280 502 1360 44,
570 1280 694 1365 38,
744 1280 787 1347 4
832 1281 1075 1369 legitur
1120 1284 1187 1345 in
1231 1279 1405 1347 Med.
1455 1291 1511 1346 A
1563 1284 1691 1353 πῶς
1741 1280 1870 1360 γὰρ
1919 1281 2106 1359 λόγος
2157 1282 2216 1345 ἐν
2263 1282 2446 1366 (corr.
2497 1282 2575 1350 D.
2625 1283 2759 1369 ἐπὶ)

373 1388 459 1468 τῷ
521 1387 727 1467 τοιῷδε
788 1386 1159 1465 λεγόμενος,
1226 1386 1343 1451 κᾶν
1402 1385 1489 1451 τὸ
1551 1387 1830 1467 βραχὺ
1896 1386 1981 1452 τὸ
2055 1385 2351 1465 ψεῦδος
2422 1389 2756 1472 προσλάβῃ

376 1494 521 1574 οὐχ·
580 1489 713 1556 ὅσον
781 1493 891 1557 οὐκ
960 1491 1203 1557 ἔπαινον
1268 1493 1437 1572 αὐτῷ
1506 1491 1718 1572 Φέρει,
1792 1493 1973 1557 ἄλλα
2044 1492 2150 1557 καὶ
2224 1492 2493 1576 ἔλεγχον
2568 1497 2758 1561 αὑτοῦ

377 1594 515 1681 ἔχει
564 1604 627 1664 et
673 1598 891 1665 eodem
937 1598 1125 1664 modo
1171 1597 1401 1663 habuit
1447 1596 1669 1664 Venet.
1721 1610 1816 1675 A,
1869 1620 1947 1664 ex
1995 1619 2120 1683 quo
2165 1603 2519 1666 rectissime
2541 1623 2758 1668 veram

372 1704 712 1771 lectionem
759 1709 927 1771 eruit
973 1705 1305 1770 Bekkerus
1343 1690 1419 1769 τδ
1452 1705 1864 1784 βραχύτατον
1901 1706 2159 1784 ψεύδους
2186 1755 2203 1778 ,
2249 1706 2358 1771 sed
2395 1714 2764 1791 supervenit

372 1810 605 1897 aliquis
644 1813 757 1897 qui
793 1812 863 1876 in
905 1810 1165 1877 Veneto.
1189 1812 1533 1898 corrigeret
1570 1808 1817 1875 scilicet
1857 1810 1926 1873 τὸ
1968 1810 2187 1891 βραχὺ
2215 1817 2322 1876 τοῦ
2346 1814 2568 1891 ψεῦδος
2595 1816 2764 1893 (sic).

372 1918 545 1985 Hinc
592 1918 871 1984 Medicei
920 1928 963 1981 B
1009 1917 1309 1982 librarius
1353 1936 1542 1981 suum
1592 1917 1660 1980 τὸ
1708 1917 1930 1996 βραχὺ
1978 1922 2084 1981 τοῦ
2134 1916 2395 1999 ψεύδους
2443 1918 2758 2004 procudit.

373 2023 483 2090 Sic
529 2024 750 2091 eodem
797 2022 963 2089 libro
1012 2044 1065 2087 c.
1114 2020 1240 2107 43,
1295 2022 1328 2087 l
1379 2022 1550 2099 μετὰ
1597 2030 1713 2088 τῶν
1763 2021 1974 2087 ἄλλων
2023 2024 2210 2096 νήσων
2258 2031 2375 2090 τῶν
2420 2024 2764 2106 περικειμέ-

374 2154 483 2195 νων
529 2133 689 2213 αὐτῇ
739 2130 1159 2214 (Britanniae)
1205 2128 1382 2196 Med.
1426 2140 1469 2193 B
1510 2129 1771 2195 exhibet
1815 2150 1963 2194 cum
2013 2127 2286 2208 Venet0‚
2331 2152 2480 2196 cum
2507 2134 2576 2195 in
2601 2129 2761 2198 Med.

377 2248 433 2303 A
482 2238 885 2320 προκειμένων
930 2235 1221 2323 legatur,
1270 2240 1336 2301 et
1386 2235 1509 2314 44,
1558 2235 1600 2301 2
1648 2236 1754 2300 καὶ
1804 2235 1928 2317 ἷδΙᾳ
1964 2236 2068 2299 καὶ
2107 2246 2267 2317 κοινῇ
2305 2258 2452 2302 cum
2500 2237 2763 2321 eodem,

375 2343 575 2411 altero
624 2343 729 2410 καὶ
778 2345 847 2408 in
886 2341 1058 2408 Med.
1111 2353 1167 2408 A
1214 2341 1469 2407 omisso.
1516 2340 1770 2407 Ultimo
1809 2346 2028 2406 autem
2069 2342 2278 2427 capite
2316 2344 2352 2427 ᾖ
2396 2341 2436 2407 5
2460 2346 2529 2408 in
2554 2343 2765 2410 verbis

374 2449 487 2524 τήν
540 2473 609 2514 τε
658 2447 1060 2529 κληρονομίαν
1105 2450 1182 2520 ὡς
1230 2447 1529 2528 χαλεπὴν
1576 2447 1681 2511 καὶ
1732 2446 2333 2528 δυσμεταχείριστον
2382 2443 2569 2513 οὖσαν
2614 2470 2761 2515 cum

383 2554 625 2622 Veneto
678 2559 825 2621 ante
878 2555 1173 2637 χαλεπὴν
1236 2551 1581 2620 molestum
1650 2552 1756 2619 καὶ
1807 2553 2124 2631 intrudit,
2176 2555 2344 2640 quod
2392 2576 2431 2622 a
2474 2554 2766 2622 Mediceo

376 2666 548 2728 recte
595 2663 793 2728 abest.

467 2767 785 2833 Adhibuit
846 2772 1061 2832 tamen
1108 2766 1377 2832 eundem
1427 2763 1795 2832 Mediceum
1814 2815 1835 2851 ,
1881 2787 2074 2852 quem
2119 2769 2446 2855 integ-rum
2495 2769 2726 2835 habuit
2744 2816 2760 2848 ,

376 2874 457 2940 ad
504 2875 761 2940 lacunas
806 2872 1032 2939 Veneti
1080 2873 1347 2951 codicia,
1398 2893 1555 2958 quas
1580 2893 1774 2957 supra
1794 2876 2315 2941 enumeravimus
2337 2922 2352 2952 ,
2389 2877 2762 2942 sarciendae.

376 2980 475 3046 Ex
536 3000 610 3046 00
653 2982 863 3068 igitur
906 2983 975 3044 in
1022 2978 1313 3045 mediceo
1361 2990 1405 3042 n
1450 2957 1607 3045 aaut
1656 2977 1796 3043 Lib.
1850 2979 1970 3058 46,
2021 2978 2146 3058 23,
2196 2979 2459 3058 2-43,
2508 2980 2649 3062 21),
2701 2989 2768 3048 οι

380 3085 505 3166 52,
547 3086 623 3165 5,
665 3084 925 3170 2-20,
969 3085 1032 3149 4.
1072 3085 1431 3150 Posteriore
1472 3091 1688 3150 autem
1732 3083 1870 3151 loco
1903 3105 2028 3151 non
2051 3087 2307 3165 statim,
2333 3089 2496 3151 utin
2522 3087 2765 3172 priore,

377 3192 605 3259 lacuna
642 3191 894 3278 expleta
934 3197 1031 3257 est
1075 3193 1140 3256 in
1188 3189 1361 3256 Med.
1414 3202 1457 3254 Β
1476 3238 1493 3268 ,
1547 3191 1655 3256 sed
1703 3197 1942 3275 postea.
2012 3190 2319 3257 Substitit
2365 3195 2538 3258 enim
2576 3193 2773 3259 libra-

379 3301 514 3364 rius
536 3301 605 3364 in
628 3298 841 3364 medio
887 3297 1041 3364 folio
1086 3293 1215 3360 199
1254 3298 1322 3361 in
1359 3296 1569 3362 verbis
1611 3297 1858 3368 πλείους
1900 3303 2074 3378 σφῶν
2112 3296 2186 3362 τό
2224 3321 2296 3362 τε
2338 3301 2472 3364 καθ’
2513 3299 2767 3372 ἑαυτοὺς

378 3424 539 3490 quae
578 3403 806 3470 Veneti
845 3409 993 3469 ante
1032 3402 1329 3468 lacunam
1370 3401 1605 3467 ultima
1641 3407 1815 3468 sunt.
1861 3401 2110 3469 Rursus
2149 3406 2386 3488 incepit
2417 3407 2488 3469 in
2511 3425 2769 3472 summo

379 3511 489 3577 fol.
539 3509 672 3578 20¹7
720 3510 825 3574 καὶ
875 3508 1089 3591 χρόνον
1136 3509 1277 3572 τινὰ
1322 3506 1784 3580 ἰδιωτεύσαντες
1837 3511 2090 3574 omissis
2139 3514 2393 3574 tantum
2442 3511 2771 3578 vocabulis

374 3640 535 3695 ματι
583 3617 899 3693 γενόμενοι
945 3635 1107 3701 quae
1153 3611 1435 3680 Venetus
1475 3615 1858 3699 praemittit.
1907 3612 2092 3681 Folia
2130 3621 2350 3681 autem
2387 3617 2770 3682 intermedia

376 3727 453 3786 ab
498 3723 699 3788 eadem
742 3744 921 3786 manu
968 3721 1079 3786 sed
1126 3719 1253 3785 alio
1294 3725 1616 3804 tempore,
1658 3719 1828 3804 quod
1866 3723 2207 3786 atramenti
2247 3721 2418 3786 color
2455 3721 2770 3800 ostendit,

374 3830 471 3893 ita
515 3829 752 3912 scripta
797 3833 987 3892 sunt:

376 3932 423 3998 f.
477 3930 1072 4000 l99m—203m:
1122 3931 1302 4009 μόνον
1366 3930 1689 3998 σπεύδουσι
1741 3932 1846 3996 καὶ
1897 3930 2142 4003 πάντας
2191 3930 2331 4005 τοὺς
2381 3929 2611 4007 ἄλλους
2662 3957 2769 4010 μι-

1125 4043 1293 4104 σοῦσι
1340 4074 1427 4088 -
1467 4035 1621 4104 ὥστε
1675 4037 1834 4116 μηδὲ
1881 4038 2022 4110 τοὺς
2060 4040 2366 4120 χρηστοὺς
2417 4036 2638 4120 ἄνδρας
2659 4089 2675 4106 .
2704 4088 2720 4104 .
2750 4086 2768 4105 .

1133 4167 1187 4211 c.
1239 4144 1321 4224 5,
1369 4143 1634 4222 2-13,
1685 4142 1751 4210 7.

451 4329 505 4394 1)
541 4329 603 4378 In
627 4344 683 4377 ea
708 4343 895 4393 quoque
926 4331 1065 4393 parte
1098 4327 1285 4392 integer
1319 4343 1391 4377 vs.
1426 4325 1633 4376 Modicei
1667 4332 1713 4375 A
1749 4327 2000 4377 omittitur
2032 4344 2074 4378 c.
2110 4328 2192 4387 29,
2228 4329 2343 4394 8τῇ
2367 4325 2414 4376 δ’
2433 4321 2515 4378 οὖν
2533 4325 2777 4396 ὑστεραίᾳ

381 4409 533 4489 <nai
574 4413 640 4475 τῇ
674 4409 823 4474 τρίτῃ
856 4412 1059 4459 πολλῶν
1092 4408 1179 4460 καὶ
1214 4407 1384 4459 ἄλλων
1421 4405 1503 4474 ἔφ’
1550 4405 1766 4472 indm-epa
1810 4407 2153 4484 λεχθέντων>
2183 4404 2462 4473 inparue-av
2492 4410 2546 4459 οἶ
2568 4411 2638 4460 τὰ
2677 4411 2771 4460 τοῦ

378 4493 631 4558 Καίσαρος
668 4489 995 4558 πράττοντες.
