3436 5161
786 337 925 403 422Ῐ
1806 357 2126 408 somus.

867 523 1308 592 Intelleximus
1365 527 1572 614 igitur
1588 573 1605 605 ‚
1665 526 1733 590 in
1796 527 2243 611 pronominum
2306 519 2735 609 personalium
2799 521 3147 587 accusativo

775 629 1012 715 plurali
1058 632 1238 698 binas
1284 651 1580 717 apparere
1625 633 1899 716 formas,
1940 651 2169 716 nempe
2206 631 2523 696 breviores
2554 623 2725 704 ἧμας
2746 675 2763 702 ,
2804 623 2991 706 ὅμως
3038 626 3153 711 (aut

775 737 834 800 si
879 738 982 802 cui
1027 737 1120 802 ita
1165 741 1375 825 magis
1421 736 1628 824 placet
1655 737 1704 817 ¹)
1752 735 1979 815 ἄμμοις
2029 735 2277 818 ὔμμας)
2300 786 2317 813 ,
2370 733 2581 815 σφὶὶς,
2629 736 2699 800 et
2742 753 2887 800 una
2924 731 3153 820 syllaba
3260 805 3262 810 .

775 843 1114 926 auctiores,
1164 845 1394 926 quibus
1440 842 1628 908 litera
1671 867 1703 907 ε
1752 845 1987 908 inserta
2024 849 2150 920 est,
2194 839 2389 918 ἦμέῖες
2410 891 2427 924 ,
2462 835 2659 919 ὑμέᾶς
2678 885 2697 918 ,
2722 837 2947 920 σφέᾶς
2968 863 2987 925 ;
3011 842 3152 925 prio-

772 967 874 1012 res
917 953 1134 1014 autem
1179 948 1553 1034 respondent
1597 951 2015 1015 nominativis
2054 944 2204 1026 ἦμες
2246 945 2399 1026 ὖμες
2432 944 2675 1031 (ἄμμες
2700 945 2974 1032 ὔμμες),
3018 966 3153 1030 quos

773 1050 939 1118 solos
994 1051 1276 1120 Homero
1331 1057 1402 1119 in
1461 1075 1583 1120 usu
1644 1075 1779 1120 esse
1832 1055 2143 1134 vidimffl;
2195 1053 2430 1120 alterae
2474 1055 2907 1119 nominativis
2954 1057 3153 1138 postea

771 1160 1210 1224 usitatissimis
1225 1207 1245 1243 ,
1291 1160 1401 1226 sed
1447 1160 1526 1225 ab
1566 1159 1835 1227 Homeri
1875 1161 2101 1249 lingua
2139 1160 2365 1226 alienis
2384 1209 2404 1245 ,
2437 1161 2615 1238 ἡμεῖς
2640 1159 2971 1246 (Rip-eber),
2995 1161 3149 1235 ὑμεῖς

773 1263 1054 1352 (Rhebae)
1071 1311 1090 1344 ,
1134 1271 1320 1348 σφεῖς
1363 1266 1651 1354 (*σφέες)
1671 1317 1692 1342 ,
1742 1266 1935 1350 σ’φέα.

1363 1479 1400 1563 §
1445 1476 1509 1544 3.
1582 1479 1677 1544 De
1712 1481 1971 1562 qen-itini
2006 1480 2275 1564 plural-'s
2309 1480 2553 1566 formis.

862 1690 958 1757 De
1002 1690 1122 1756 hoc
1165 1712 1316 1758 casu
1361 1693 1582 1758 licebit
1627 1714 1761 1759 esse
1808 1693 2217 1760 brevissimis.
2280 1690 2577 1762 Traditus
2614 1694 2773 1758 sunt
2814 1691 3012 1756 binae
3046 1689 3155 1755 for-

771 1817 948 1881 mae,
994 1817 1224 1883 nempe
1267 1797 1584 1886 longiores
3266 1726 3268 1862 1

1243 1903 1500 1982 ἡμείων,
1549 1905 1803 1982 ὑμείων,
1856 1906 2124 1985 σφείων,

773 2011 839 2072 et
875 2009 1192 2074 breviores
1239 2010 1438 2100 ἧμέρν
1455 2058 1472 2087 ,
1525 2009 1724 2100 &faigm
1742 2059 1759 2090 ‚
1806 2010 2035 2104 σφέφν.

860 2111 986 2178 Pro
1047 2117 1496 2199 posterioribus
1514 2165 1534 2201 ,
1580 2119 1644 2182 in
1689 2119 1923 2204 quibus
1968 2117 2153 2184 litera
2200 2141 2231 2182 ε
2275 2118 2588 2202 premitur
2632 2135 2745 2200 per
2794 2117 3123 2200 synizesin
3142 2161 3157 2192 ‚
3269 2161 3270 2174 2

769 2223 1201 2305 expectaveris
1247 2220 1413 2297 ἤμων
1459 2219 1626 2301 ὕμυν
1675 2223 1806 2309 (vel
1854 2221 2079 2302 ὦμμων
2126 2223 2376 2311 ὗμμων)
2415 2228 2589 2303 σφῶν
2606 2267 2625 2299 ,
2665 2220 2785 2286 hae
2826 2226 3021 2288 enim
3044 2224 3157 2288 for·

768 2346 913 2393 mae
955 2328 1398 2412 responderent
1443 2331 1855 2396 nominativis
1898 2334 1967 2396 in
2014 2355 2111 2404 -ες
2160 2338 2225 2396 et
2271 2330 2646 2395 accusativis
2694 2329 2761 2393 in
2814 2354 2967 2402 wc.
3042 2329 3153 2394 Sed

767 2455 912 2499 cum
974 2434 1306 2500 videamus
1369 2437 1438 2500 in
1497 2436 1723 2524 lingua
1782 2437 2105 2503 homerica
2164 2457 2348 2522 saepe
2414 2436 2645 2520 corripi
2712 2433 3153 2523 diphthongos

765 2537 1070 2629 longaeve
1153 2541 1400 2608 vocales
1475 2544 1532 2607 si
1599 2542 1799 2609 altera
1868 2543 2104 2611 vocalis
2172 2549 2473 2629 sequatur
2490 2591 2508 2626 ,
2576 2541 2773 2627 probe
2842 2539 3151 2607 formatas

771 2668 904 2714 esse
962 2648 1198 2713 formas
1253 2649 1324 2713 in
1383 2646 1524 2739 -gyv
1585 2650 1937 2717 desinentes
1999 2650 2329 2716 fatendum
2391 2656 2517 2732 est,
2570 2666 2721 2713 cum
2770 2649 3151 2731 praesertim

765 2756 836 2818 in
881 2752 1194 2841 singulari
1239 2774 1504 2820 numero
1551 2756 1771 2821 eadem
1820 2762 2105 2822 occurrat
2150 2758 2422 2821 varietas
2474 2754 2669 2835 (ἐμεῖο
2698 2788 2739 2802 -
2766 2753 2922 2829 ἐμέο
2972 2754 3152 2837 etc.);

767 2860 982 2944 itaque
1029 2859 1208 2925 nulla
1253 2862 1632 2927 correctione
1678 2868 1834 2947 puto
1881 2861 2116 2927 formas
2160 2860 2307 2926 illas
2344 2859 2629 2947 indigere
2647 2905 2665 2935 ‚
2708 2864 2775 2924 et
2816 2866 3019 2925 sunto
3055 2878 3151 2923 no-

771 2963 869 3029 bis
913 2965 1288 3033 homericae.

1389 3180 1426 3263 ᾖ
1473 3180 1533 3246 4.
1607 3180 1703 3244 De
1746 3180 1941 3245 dativi
1982 3180 2245 3263 pluralis
2291 3178 2521 3257 formis.

860 3389 958 3455 Ad
1004 3389 1310 3455 ultimum
1359 3412 1573 3457 casum
1623 3391 2030 3476 pervenimus
2049 3437 2064 3468 ‚
2106 3392 2209 3455 cui
2248 3390 2432 3455 binae
2455 3408 2673 3455 rursus
2699 3392 3001 3477 propriae
3024 3410 3151 3456 esse

769 3495 1057 3561 feruntur
1101 3496 1374 3574 formae,
1422 3519 1650 3584 nempe

1242 3605 1387 3677 ἧμῒν
1437 3604 1578 3681 ὑμῖν
1623 3606 1940 3689 ceph-70),

1127 3714 1192 3775 et
1237 3707 1501 3795 ἄμμθν)
1549 3709 1804 3795 flamme)
1845 3709 2078 3797 σΦ(”ίν).

855 3816 951 3882 De
998 3815 1229 3901 quibus
1274 3816 1424 3902 quid
1471 3816 1875 3882 statuendum
1925 3818 2010 3882 sit
2055 3816 2417 3893 videamus,
2472 3816 2656 3881 initio
2679 3816 2853 3883 facto
2877 3838 2917 3882 a
2942 3820 3145 3903 prima

763 3942 1069 4093 ΡθῖἔὲῐῖιῒΙ
1110 4027 1390 4114 legimus
1435 4026 1646 4108 ἅμμῖν
1690 4054 1742 4106 μ
1790 4028 1955 4107 275,
2004 4029 2203 4096 semel
2248 4028 2478 4094 elisum
2522 4024 2696 4106 ἄμμ’
2748 4036 2805 4092 Η
2848 4027 2960 4095 76.
3028 4028 3145 4094 Sed

765 4133 1014 4216 saepius
1059 4134 1381 4199 invenitur
1425 4132 1607 4211 ἄμμϊ
1627 4184 1644 4211 ,
1693 4156 1922 4221 nempe
1968 4134 2121 4202 locis
2167 4134 2606 4221 undeviginti:

834 4391 888 4456 1)
923 4388 1082 4439 Etiam
1115 4390 1352 4444 Chi-istius
1381 4390 1648 4457 Prolegom.
1687 4394 1784 4443 130
1818 4396 1999 4454 censet,
2034 4392 2210 4443 formas
2242 4390 2419 4454 ἅμμᾶς
2452 4396 2501 4443 ct
2534 4390 2706 4453 ὔμμᾶς
2744 4394 2959 4446 Homeri
2994 4400 3141 4446 neate

759 4473 986 4527 extitisse.
