3436 5161
1506 391 1747 443 cronno.
2688 375 2820 446 297

435 556 748 622 habemus
765 605 782 633 ‚
849 555 1123 622 ardentis
1183 557 1636 622 consuetudine
1701 563 1765 623 et
1828 556 2177 641 cupiditate
2225 556 2505 622 bellandi
2556 557 2817 646 religio-

437 683 594 728 num
645 664 1045 728 caerimoniis
1092 661 1488 748 mitigavit”.

526 768 648 832 His
709 767 1014 834 Halmius
1069 767 1359 853 inclusit,
1408 771 1475 833 in
1525 769 1739 834 codice
1788 773 1951 834 teste
1997 767 2357 834 Detlefseno
2407 774 2626 846 „extra
2674 790 2812 835 ver-

435 859 580 939 sum
627 874 1017 940 adiectnm”.
1089 874 1162 939 Si
1209 883 1377 940 recte
1425 874 1732 961 intellego
1778 872 2181 940 collationem
2232 876 2298 938 in
2348 873 2609 940 Schedis
2642 875 2819 940 Vati·

435 982 638 1057 canis,
687 981 912 1060 leqibus
955 985 1050 1044 est
1091 986 1484 1064 postremum
1513 1001 1735 1046 versus
1760 979 2180 1064 vocabulum3
2215 981 2309 1044 his
2332 991 2546 1044 autem
2574 1001 2695 1045 non
2723 987 2819 1046 est

433 1083 646 1152 totum
687 1094 866 1150 extra
905 1106 1161 1150 versum
1200 1088 1512 1171 scriptum
1559 1085 1666 1151 sed
1707 1089 1800 1151 sic
1836 1087 2125 1152 additum
2170 1092 2242 1151 ut
2277 1087 2317 1148 h
2355 1106 2545 1170 supra
2580 1093 2817 1170 postre-

433 1187 630 1257 mam‘
650 1191 937 1257 litteram
981 1192 1274 1257 vocabuli
1301 1193 1525 1276 leqibm
1548 1193 1634 1258 sit
1658 1192 2039 1258 collocatum
2061 1239 2076 1270 ,
2104 1213 2227 1277 qua
2254 1194 2495 1257 ratione
2518 1191 2563 1255 li
2576 1193 2817 1258 brarius

435 1300 502 1362 in
549 1298 779 1363 mediis
827 1318 1074 1383 quoque
1121 1299 1410 1365 versibus
1455 1303 1552 1364 uti
1599 1299 1780 1364 solet.
1854 1299 2026 1364 Mihi
2074 1300 2167 1362 lais
2215 1300 2325 1364 vix
2374 1299 2587 1363 abesse
2633 1318 2819 1384 posse

437 1404 690 1470 videtur
751 1405 856 1486 (=
901 1425 1060 1488 quae
1109 1407 1304 1470 etiam
1351 1427 1520 1472 nunc
1565 1413 1856 1482 exstant;
1906 1421 2063 1489 quas
2109 1407 2406 1469 novimus
2454 1404 2531 1468 cf.
2586 1404 2677 1469 ΙΙ.
2734 1405 2817 1468 14

438 1509 555 1586 „P.
621 1510 958 1574 Africanus
1015 1509 1214 1592 hie”)‚
1266 1531 1414 1576 nam
1460 1511 1713 1593 leqibm,
1764 1512 2221 1596 quas-habemus
2260 1507 2644 1596 significaret
2688 1510 2817 1575 fere

433 1635 555 1683 non
597 1614 754 1680 alias
800 1614 976 1703 leges
1021 1617 1090 1680 in
1138 1620 1568 1682 monumentis
1616 1627 1899 1696 exstare3
1948 1617 2053 1682 sed
2105 1637 2245 1702 pars
2301 1615 2527 1680 harum
2594 1613 2813 1703 legum

433 1720 864 1808 significatur3
915 1743 1062 1786 nam
1111 1721 1288 1810 leges
1334 1725 1546 1810 regiae
1592 1744 1715 1788 non
1765 1720 1973 1788 solum
2024 1722 2102 1786 ad
2152 1743 2285 1788 rem
2337 1741 2577 1787 sacram
2627 1721 2818 1806 perti-

432 1833 605 1892 nent.
676 1825 1118 1913 Schweglerus
1179 1827 1232 1892 I.
1281 1849 1341 1913 p.
1393 1828 1478 1892 26
1531 1827 1877 1916 significari
1926 1834 2109 1912 putat
2157 1838 2221 1892 et
2270 1827 2387 1892 hoc
2433 1825 2571 1892 loco
2620 1835 2683 1892 et
2730 1825 2813 1892 V.

436 1933 476 1996 3
541 1931 726 2018 (.,qui
788 1930 1008 2020 legum
1057 1936 1254 1999 etiam
1301 1937 1569 2019 scriptor
1612 1935 1876 2009 fuisset,
1928 1953 2083 2018 quas
2130 1925 2307 1998 scitis
2356 1939 2571 1997 extare
2598 1979 2613 1996 .
2643 1980 2660 1998 .
2687 1980 2703 1996 .
2731 1931 2816 2020 .”)

433 2037 629 2102 libros
693 2036 1065 2122 pontificios.
1143 2037 1236 2110 Of.
1303 2040 1468 2104 infra
1537 2038 1644 2104 45.
1718 2037 1843 2103 Sed
1898 2038 2141 2123 aliquot
2187 2043 2480 2103 vetustae
2524 2035 2701 2124 leges
2744 2039 2814 2102 in

431 2142 644 2228 lapide
702 2150 815 2208 aut
859 2163 1000 2208 aere
1047 2151 1292 2210 exstare
1338 2152 1680 2230 potuerunt
1702 2193 1721 2223 ,
1773 2165 1929 2230 quas
1974 2144 2174 2232 vulgo
2222 2144 2509 2229 (iniuria)
2555 2145 2816 2230 regibus

433 2249 802 2314 tribuerent.
867 2287 953 2299 —
1020 2250 1202 2329 Quod
1258 2248 1476 2317 Cicero
1530 2271 1567 2318 a
1612 2251 1831 2316 Numa
1877 2257 2125 2336 praeter
2171 2271 2237 2315 se
2283 2252 2561 2335 quinque
2608 2251 2816 2335 ponti-

432 2351 579 2419 fices
643 2361 883 2422 creatos
942 2355 1098 2421 dicit
1171 2357 1316 2440 (non
1381 2367 1627 2441 praeter
1696 2375 1909 2444 regem
1984 2365 2279 2440 quatuor)
2352 2359 2607 2422 nomine
2675 2358 2815 2440 ipso

433 2460 832 2526 sacerdotnm
881 2461 1143 2528 illorum
1187 2461 1632 2538 confirmatur,
1683 2464 1741 2527 si
1789 2483 1939 2527 vera
1986 2464 2070 2527 sit
2115 2463 2429 2527 sententia
2476 2481 2619 2525 mea
2659 2483 2812 2543 pon-

431 2564 592 2653 tifex
636 2588 760 2634 non
809 2590 847 2633 a
876 2569 1044 2653 potis
1093 2570 1379 2653 (potem),
1429 2590 1544 2635 nec
1590 2591 1627 2635 a
1667 2593 1852 2653 pom,
1900 2590 2015 2634 nec
2062 2590 2100 2633 a
2146 2568 2357 2633 radice
2402 2565 2649 2635 Sanscr.
2686 2568 2809 2651 pd-

434 2672 627 2758 (unde
659 2674 916 2757 pundmi
961 2674 1040 2739 cf.
1083 2674 1490 2759 Marquardt,
1541 2674 1837 2740 Sacralw.
1889 2696 1949 2759 p.
2000 2672 2169 2753 229,
2218 2673 2335 2759 sq.)
2386 2694 2501 2738 nec
2549 2694 2586 2737 a
2612 2674 2811 2757 pindo

434 2776 641 2864 (panis
701 2779 1000 2863 farreus),
1064 2800 1196 2845 esse
1258 2779 1614 2845 ducendum
1635 2830 1654 2859 ,
1717 2780 1825 2845 sed
1891 2800 1928 2845 a
1980 2803 2223 2863 pompe,
2281 2781 2326 2843 i.
2376 2800 2429 2844 e.
2494 2780 2809 2862 quinque,

431 2883 645 2961 πέμπε
715 2893 822 2969 (=
845 2885 1065 2963 πέντε,
1128 2886 1208 2951 cf.
1271 2884 1737 2969 πεμπώβολον).
1821 2887 2143 2968 Pontifices
2204 2890 2354 2950 sunt
2407 2886 2811 2969 quinqueviri

429 2991 624 3055 sacris
680 2991 1013 3057 faciundis.
1087 2990 1568 3057 Demonstravit
1627 2990 1701 3057 O.
1752 2991 1972 3057 Keller
2020 2990 2248 3056 Rbein.
2298 2990 2470 3055 Mus.
2524 2986 2698 3054 1879
2746 3011 2807 3075 p.

431 3091 562 3160 337
621 3095 805 3162 illam
870 3096 1340 3175 „Sabellicam”
1403 3098 1699 3164 vocabuli
1747 3099 2004 3184 quinque
2049 3098 2323 3162 formam
2370 3098 2435 3161 in
2483 3096 2813 3179 Pompilius

427 3222 510 3251 -·-··-
539 3202 876 3285 Quintilius
891 3252 910 3287 ,
959 3204 1318 3287 Pomponius
1331 3252 1346 3282 ,
1399 3204 1735 3287 Pompeius.

521 3414 628 3482 30.
699 3416 940 3503 Agitur
985 3416 1064 3481 de
1110 3417 1354 3481 artibus
1401 3418 1801 3502 importatis:
1845 3415 2007 3494 „hoc
2048 3417 2185 3500 ipso
2209 3416 2588 3500 sapientiam
2614 3418 2811 3481 maio-

425 3542 572 3588 rum
614 3526 856 3587 statues
893 3542 1026 3587 esse
1063 3521 1447 3587 laudandam
1467 3568 1484 3599 ‚
1521 3519 1688 3606 quod
1732 3520 1940 3586 multa
1973 3520 2310 3607 intelleges
2333 3523 2528 3586 etiam
2553 3519 2809 3587 aliunde

425 3632 686 3712 sumpta
731 3625 998 3692 meliora
1045 3627 1215 3711 apud
1261 3648 1373 3692 nos
1419 3626 1626 3692 multo
1673 3647 1805 3691 esse
1853 3626 2021 3691 facta
2041 3675 2058 3709 ,
2107 3646 2298 3711 quam
2334 3626 2429 3689 ibi
2474 3625 2807 3704 fuissent”,

424 3732 564 3799 rell.
635 3732 1091 3798 scribendum:
1145 3733 1351 3819 „quod
1399 3732 1608 3798 multa
1657 3729 2291 3819 intelleges'aliunde
2330 3736 2589 3814 sumpta
2612 3732 2808 3796 etiam

425 3837 758 3917 meliora”,
814 3836 952 3903 rell.
1025 3836 1132 3902 Sic
1193 3842 1371 3901 etiam
1433 3858 1580 3903 cum
1642 3839 1890 3901 meliora
1935 3839 2246 3923 iungitur.
2317 3836 2503 3901 Nunc
2548 3836 2642 3900 sio
2687 3833 2810 3901 col-

427 3942 709 4022 locatur,
757 3964 830 4010 ac
877 3947 934 4009 si
981 3943 1060 4008 de
1103 3943 1250 4009 aliis
1295 3937 1492 4009 etiam
1540 3948 1771 4030 agatur
1819 3963 2014 4027 qnam
2065 3941 2323 4008 aliunde
2369 3940 2669 4008 advectis.

515 4154 598 4223 31
671 4152 972 4244 υ(ΤιιῙῙιιιι
1033 4154 1384 4243 Hostilius)
1433 4156 1765 4222 constituit
1810 4157 1912 4221 ius
1958 4175 2081 4240 quo
2128 4154 2296 4221 bella
2344 4154 2807 4242 indicerentur,

395 4264 591 4351 ,quod
638 4284 750 4350 per
793 4282 862 4331 se
905 4264 1258 4329 iustissime
1302 4264 1633 4329 inventum
1683 4263 1895 4327 sanxit
1939 4260 2144 4327 fetiali
2189 4260 2564 4349 religione”.

515 4369 623 4436 Ius
667 4367 823 4435 belli
869 4390 980 4455 per
1025 4390 1091 4435 se
1135 4372 1265 4434 iam
1315 4373 1449 4435 erat
1495 4371 1781 4453 instnm3
1832 4369 2113 4433 sanctius
2159 4370 2351 4432 etiam
2406 4368 2649 4433 factum
2710 4372 2804 4434 est

423 4474 734 4563 religione
780 4474 1008 4541 fetiali.
1078 4473 1533 4541 Scribendum:
1579 4474 1985 4539 notissimum.
2037 4472 2373 4539 Inventum
2416 4494 2529 4559 per
2566 4494 2633 4539 se
2670 4476 2803 4541 iam
2836 4508 2841 4513 ·
