<?xml version="1.0" encoding="UTF-8"?>
<!DOCTYPE html PUBLIC "-//W3C//DTD XHTML 1.0 Transitional//EN"
    "http://www.w3.org/TR/xhtml1/DTD/xhtml1-transitional.dtd">
<html xmlns="http://www.w3.org/1999/xhtml" xml:lang="en" lang="en">
 <head>
  <title>
</title>
<meta http-equiv="Content-Type" content="text/html;charset=utf-8" />
  <meta name='ocr-system' content='tesseract 3.04.00' />
  <meta name='ocr-capabilities' content='ocr_page ocr_carea ocr_par ocr_line ocrx_word'/>
</head>
<body>
  <div class='ocr_page' id='page_1' title='image "./mnemosynevolume00verdgoog_0295.png"; bbox 0 0 3436 5161; ppageno 0'>
   <div class='ocr_carea' id='block_1_1' title="bbox 1239 312 2763 384">
    <p class='ocr_par' dir='ltr' id='par_1_1' title="bbox 1239 312 2763 384">
     <span class='ocr_line' id='line_1_1' title="bbox 1239 312 2763 384; baseline 0.002 -4"><span class='ocrx_word' id='word_1_1' title='bbox 1239 330 1517 382; x_wconf 63' lang='grc' dir='ltr'>πωπω</span> <span class='ocrx_word' id='word_1_2' title='bbox 1560 330 1901 382; x_wconf 70' lang='lat' dir='ltr'>sosarnus.</span> <span class='ocrx_word' id='word_1_3' title='bbox 2629 312 2763 384; x_wconf 82' lang='lat'>277</span> 
     </span>
    </p>
   </div>
   <div class='ocr_carea' id='block_1_2' title="bbox 376 492 2764 898">
    <p class='ocr_par' dir='ltr' id='par_1_2' title="bbox 376 492 2764 581">
     <span class='ocr_line' id='line_1_2' title="bbox 376 492 2764 581; baseline 0.002 -22"><span class='ocrx_word' id='word_1_4' title='bbox 376 497 433 560; x_wconf 89' lang='lat' dir='ltr'>si</span> <span class='ocrx_word' id='word_1_5' title='bbox 476 497 547 559; x_wconf 91' lang='lat' dir='ltr'>in</span> <span class='ocrx_word' id='word_1_6' title='bbox 581 492 620 559; x_wconf 85' lang='lat' dir='ltr'>J</span> <span class='ocrx_word' id='word_1_7' title='bbox 624 494 856 580; x_wconf 85' lang='lat' dir='ltr'>osepho</span> <span class='ocrx_word' id='word_1_8' title='bbox 894 493 1136 560; x_wconf 80' lang='lat' dir='ltr'>factum</span> <span class='ocrx_word' id='word_1_9' title='bbox 1178 500 1275 562; x_wconf 89' lang='lat' dir='ltr'>est</span> <span class='ocrx_word' id='word_1_10' title='bbox 1298 544 1317 577; x_wconf 97' lang='lat'>,</span> <span class='ocrx_word' id='word_1_11' title='bbox 1358 495 1524 580; x_wconf 90' lang='lat' dir='ltr'>quod</span> <span class='ocrx_word' id='word_1_12' title='bbox 1564 499 1633 562; x_wconf 92' lang='lat' dir='ltr'>in</span> <span class='ocrx_word' id='word_1_13' title='bbox 1668 496 1958 581; x_wconf 82' lang='lat' dir='ltr'>Eunapio</span> <span class='ocrx_word' id='word_1_14' title='bbox 1999 497 2244 562; x_wconf 86' lang='lat' dir='ltr'>factum</span> <span class='ocrx_word' id='word_1_15' title='bbox 2283 517 2420 564; x_wconf 87' lang='lat' dir='ltr'>esse</span> <span class='ocrx_word' id='word_1_16' title='bbox 2441 499 2764 564; x_wconf 85' lang='lat' dir='ltr'>novimus.</span> 
     </span>
    </p>

    <p class='ocr_par' dir='ltr' id='par_1_3' title="bbox 376 598 2763 898">
     <span class='ocr_line' id='line_1_3' title="bbox 467 598 2763 688; baseline 0.003 -24"><span class='ocrx_word' id='word_1_17' title='bbox 467 599 907 666; x_wconf 88' lang='lat' dir='ltr'>Habiturusne</span> <span class='ocrx_word' id='word_1_18' title='bbox 944 603 1069 665; x_wconf 91' lang='lat' dir='ltr'>sim</span> <span class='ocrx_word' id='word_1_19' title='bbox 1110 598 1459 668; x_wconf 80' lang='lat' dir='ltr'>malevolos</span> <span class='ocrx_word' id='word_1_20' title='bbox 1506 600 1772 668; x_wconf 89' lang='lat' dir='ltr'>lectores</span> <span class='ocrx_word' id='word_1_21' title='bbox 1815 604 2065 670; x_wconf 83' lang='lat' dir='ltr'>nescio:</span> <span class='ocrx_word' id='word_1_22' title='bbox 2111 622 2334 688; x_wconf 89' lang='lat' dir='ltr'>promo</span> <span class='ocrx_word' id='word_1_23' title='bbox 2373 605 2763 688; x_wconf 73' lang='lat' dir='ltr'>suspiciones</span> 
     </span>
     <span class='ocr_line' id='line_1_4' title="bbox 376 705 2762 794; baseline 0.001 -22"><span class='ocrx_word' id='word_1_24' title='bbox 376 725 587 783; x_wconf 88' lang='lat' dir='ltr'>meas,</span> <span class='ocrx_word' id='word_1_25' title='bbox 651 727 811 791; x_wconf 88' lang='lat' dir='ltr'>quae</span> <span class='ocrx_word' id='word_1_26' title='bbox 857 709 913 772; x_wconf 91' lang='lat' dir='ltr'>si</span> <span class='ocrx_word' id='word_1_27' title='bbox 958 705 1153 773; x_wconf 89' lang='lat' dir='ltr'>falsae</span> <span class='ocrx_word' id='word_1_28' title='bbox 1200 727 1335 773; x_wconf 89' lang='lat' dir='ltr'>esse</span> <span class='ocrx_word' id='word_1_29' title='bbox 1379 710 1775 792; x_wconf 83' lang='lat' dir='ltr'>reperientur</span> <span class='ocrx_word' id='word_1_30' title='bbox 1797 755 1814 787; x_wconf 92' lang='lat'>,</span> <span class='ocrx_word' id='word_1_31' title='bbox 1863 709 1992 774; x_wconf 89' lang='lat' dir='ltr'>cito</span> <span class='ocrx_word' id='word_1_32' title='bbox 2039 708 2348 774; x_wconf 85' lang='lat' dir='ltr'>oblivioni</span> <span class='ocrx_word' id='word_1_33' title='bbox 2393 709 2762 794; x_wconf 82' lang='lat' dir='ltr'>tradentur3</span> 
     </span>
     <span class='ocr_line' id='line_1_5' title="bbox 376 814 2763 898; baseline 0.002 -20"><span class='ocrx_word' id='word_1_34' title='bbox 376 814 475 878; x_wconf 91' lang='lat' dir='ltr'>sin</span> <span class='ocrx_word' id='word_1_35' title='bbox 535 833 720 878; x_wconf 85' lang='lat' dir='ltr'>verae</span> <span class='ocrx_word' id='word_1_36' title='bbox 778 817 960 896; x_wconf 89' lang='lat' dir='ltr'>sunt,</span> <span class='ocrx_word' id='word_1_37' title='bbox 1026 814 1285 878; x_wconf 88' lang='lat' dir='ltr'>uberius</span> <span class='ocrx_word' id='word_1_38' title='bbox 1347 819 1739 898; x_wconf 80' lang='lat' dir='ltr'><strong>exponentur</strong></span> <span class='ocrx_word' id='word_1_39' title='bbox 1795 820 1860 880; x_wconf 92' lang='lat' dir='ltr'>et</span> <span class='ocrx_word' id='word_1_40' title='bbox 1919 815 2166 880; x_wconf 88' lang='lat' dir='ltr'>doctius</span> <span class='ocrx_word' id='word_1_41' title='bbox 2227 815 2620 880; x_wconf 89' lang='lat' dir='ltr'>ornabuntur</span> <span class='ocrx_word' id='word_1_42' title='bbox 2681 816 2763 883; x_wconf 90' lang='lat' dir='ltr'>ab</span> 
     </span>
    </p>
   </div>
   <div class='ocr_carea' id='block_1_3' title="bbox 376 917 2870 1007">
    <p class='ocr_par' dir='ltr' id='par_1_4' title="bbox 376 917 2870 1007">
     <span class='ocr_line' id='line_1_6' title="bbox 376 917 2870 1007; baseline 0.002 -25"><span class='ocrx_word' id='word_1_43' title='bbox 376 919 491 995; x_wconf 87' lang='lat' dir='ltr'>iis,</span> <span class='ocrx_word' id='word_1_44' title='bbox 539 921 651 1003; x_wconf 90' lang='lat' dir='ltr'>qui</span> <span class='ocrx_word' id='word_1_45' title='bbox 696 917 791 984; x_wconf 91' lang='lat' dir='ltr'>ibi</span> <span class='ocrx_word' id='word_1_46' title='bbox 835 924 1139 1004; x_wconf 89' lang='lat' dir='ltr'>perpetuo</span> <span class='ocrx_word' id='word_1_47' title='bbox 1185 917 1513 997; x_wconf 86' lang='lat' dir='ltr'>habitant,</span> <span class='ocrx_word' id='word_1_48' title='bbox 1564 921 1679 986; x_wconf 91' lang='lat' dir='ltr'>ubi</span> <span class='ocrx_word' id='word_1_49' title='bbox 1725 940 1846 1007; x_wconf 73' lang='lat' dir='ltr'>ego</span> <span class='ocrx_word' id='word_1_50' title='bbox 1891 919 2172 998; x_wconf 79' lang='grc' dir='ltr'><strong><em>μέτοικος</em></strong></span> <span class='ocrx_word' id='word_1_51' title='bbox 2221 941 2388 987; x_wconf 88' lang='lat' dir='ltr'>sum.</span> <span class='ocrx_word' id='word_1_52' title='bbox 2459 921 2762 988; x_wconf 90' lang='lat' dir='ltr'>Primum</span> <span class='ocrx_word' id='word_1_53' title='bbox 2867 976 2870 979; x_wconf 96' lang='lat'>.</span> 
     </span>
    </p>
   </div>
   <div class='ocr_carea' id='block_1_4' title="bbox 358 1025 2762 4395">
    <p class='ocr_par' dir='ltr' id='par_1_5' title="bbox 358 1025 2762 4395">
     <span class='ocr_line' id='line_1_7' title="bbox 375 1025 2762 1112; baseline 0.003 -24"><span class='ocrx_word' id='word_1_54' title='bbox 375 1043 643 1109; x_wconf 86' lang='lat' dir='ltr'>quaero,</span> <span class='ocrx_word' id='word_1_55' title='bbox 705 1044 829 1089; x_wconf 91' lang='lat' dir='ltr'>non</span> <span class='ocrx_word' id='word_1_56' title='bbox 892 1025 1124 1109; x_wconf 87' lang='lat' dir='ltr'>quibus</span> <span class='ocrx_word' id='word_1_57' title='bbox 1185 1025 1555 1091; x_wconf 88' lang='lat' dir='ltr'>hominibus</span> <span class='ocrx_word' id='word_1_58' title='bbox 1611 1025 1926 1112; x_wconf 88' lang='lat' dir='ltr'>Josephus</span> <span class='ocrx_word' id='word_1_59' title='bbox 1997 1029 2320 1112; x_wconf 89' lang='lat' dir='ltr'>scripserit</span> <span class='ocrx_word' id='word_1_60' title='bbox 2339 1077 2358 1111; x_wconf 94' lang='lat'>,</span> <span class='ocrx_word' id='word_1_61' title='bbox 2423 1047 2571 1094; x_wconf 87' lang='lat' dir='ltr'>nam</span> <span class='ocrx_word' id='word_1_62' title='bbox 2639 1027 2762 1094; x_wconf 90' lang='lat' dir='ltr'>hoc</span> 
     </span>
     <span class='ocr_line' id='line_1_8' title="bbox 376 1129 2759 1218; baseline 0.002 -25"><span class='ocrx_word' id='word_1_63' title='bbox 376 1129 636 1213; x_wconf 87' lang='lat' dir='ltr'>quidem</span> <span class='ocrx_word' id='word_1_64' title='bbox 698 1135 945 1195; x_wconf 85' lang='lat' dir='ltr'>constat</span> <span class='ocrx_word' id='word_1_65' title='bbox 1007 1130 1163 1196; x_wconf 88' lang='lat' dir='ltr'>adeo</span> <span class='ocrx_word' id='word_1_66' title='bbox 1212 1137 1287 1196; x_wconf 90' lang='lat' dir='ltr'>ut</span> <span class='ocrx_word' id='word_1_67' title='bbox 1332 1153 1411 1197; x_wconf 91' lang='lat' dir='ltr'>ne</span> <span class='ocrx_word' id='word_1_68' title='bbox 1459 1133 1890 1216; x_wconf 87' lang='lat' dir='ltr'>quaerendum</span> <span class='ocrx_word' id='word_1_69' title='bbox 1940 1133 2203 1218; x_wconf 89' lang='lat' dir='ltr'>quidem</span> <span class='ocrx_word' id='word_1_70' title='bbox 2249 1154 2384 1199; x_wconf 88' lang='lat' dir='ltr'>esse</span> <span class='ocrx_word' id='word_1_71' title='bbox 2433 1133 2759 1213; x_wconf 78' lang='lat' dir='ltr'>videatur,</span> 
     </span>
     <span class='ocr_line' id='line_1_9' title="bbox 375 1235 2760 1327; baseline 0.003 -27"><span class='ocrx_word' id='word_1_72' title='bbox 375 1235 485 1300; x_wconf 88' lang='lat' dir='ltr'>sed</span> <span class='ocrx_word' id='word_1_73' title='bbox 544 1255 701 1320; x_wconf 90' lang='lat' dir='ltr'>quos</span> <span class='ocrx_word' id='word_1_74' title='bbox 762 1235 1027 1302; x_wconf 87' lang='lat' dir='ltr'>lectores</span> <span class='ocrx_word' id='word_1_75' title='bbox 1082 1236 1238 1302; x_wconf 91' lang='lat' dir='ltr'>olim</span> <span class='ocrx_word' id='word_1_76' title='bbox 1302 1240 1709 1322; x_wconf 87' lang='lat' dir='ltr'>potissimum</span> <span class='ocrx_word' id='word_1_77' title='bbox 1773 1238 2087 1304; x_wconf 89' lang='lat' dir='ltr'>habuerit.</span> <span class='ocrx_word' id='word_1_78' title='bbox 2168 1239 2430 1327; x_wconf 82' lang='lat' dir='ltr'>Legerit</span> <span class='ocrx_word' id='word_1_79' title='bbox 2492 1261 2604 1324; x_wconf 86' lang='lat' dir='ltr'>per</span> <span class='ocrx_word' id='word_1_80' title='bbox 2652 1261 2760 1306; x_wconf 90' lang='lat' dir='ltr'>me</span> 
     </span>
     <span class='ocr_line' id='line_1_10' title="bbox 374 1339 2761 1432; baseline 0.003 -27"><span class='ocrx_word' id='word_1_81' title='bbox 374 1339 529 1406; x_wconf 88' lang='lat' dir='ltr'>licet</span> <span class='ocrx_word' id='word_1_82' title='bbox 588 1339 841 1407; x_wconf 92' lang='lat' dir='ltr'>Bellum</span> <span class='ocrx_word' id='word_1_83' title='bbox 905 1342 1247 1408; x_wconf 84' lang='lat' dir='ltr'>Judaicum</span> <span class='ocrx_word' id='word_1_84' title='bbox 1312 1343 1663 1428; x_wconf 77' lang='lat' dir='ltr'><strong>Imperator</strong></span> <span class='ocrx_word' id='word_1_85' title='bbox 1731 1343 2162 1429; x_wconf 73' lang='lat' dir='ltr'>Vespasianus</span> <span class='ocrx_word' id='word_1_86' title='bbox 2181 1391 2198 1422; x_wconf 88' lang='lat'>‚</span> <span class='ocrx_word' id='word_1_87' title='bbox 2268 1345 2502 1432; x_wconf 81' lang='lat' dir='ltr'>legerit</span> <span class='ocrx_word' id='word_1_88' title='bbox 2574 1343 2761 1412; x_wconf 80' lang='lat' dir='ltr'>Titus</span> 
     </span>
     <span class='ocr_line' id='line_1_11' title="bbox 374 1445 2756 1538; baseline 0.003 -26"><span class='ocrx_word' id='word_1_89' title='bbox 374 1445 547 1512; x_wconf 86' lang='lat' dir='ltr'>filius</span> <span class='ocrx_word' id='word_1_90' title='bbox 564 1493 581 1525; x_wconf 93' lang='lat'>,</span> <span class='ocrx_word' id='word_1_91' title='bbox 646 1447 876 1535; x_wconf 79' lang='lat' dir='ltr'>legerit</span> <span class='ocrx_word' id='word_1_92' title='bbox 935 1450 1221 1535; x_wconf 73' lang='lat' dir='ltr'>Agrippa</span> <span class='ocrx_word' id='word_1_93' title='bbox 1268 1470 1409 1534; x_wconf 82' lang='lat' dir='ltr'>rex;</span> <span class='ocrx_word' id='word_1_94' title='bbox 1459 1469 1847 1534; x_wconf 90' lang='lat' dir='ltr'>quamquam</span> <span class='ocrx_word' id='word_1_95' title='bbox 1899 1471 2018 1538; x_wconf 79' lang='lat' dir='ltr'>ego</span> <span class='ocrx_word' id='word_1_96' title='bbox 2065 1457 2234 1516; x_wconf 92' lang='lat' dir='ltr'>certe</span> <span class='ocrx_word' id='word_1_97' title='bbox 2283 1472 2510 1538; x_wconf 83' lang='lat' dir='ltr'>urgere</span> <span class='ocrx_word' id='word_1_98' title='bbox 2555 1451 2756 1518; x_wconf 87' lang='lat' dir='ltr'>nolim</span> 
     </span>
     <span class='ocr_line' id='line_1_12' title="bbox 373 1553 2762 1640; baseline 0.002 -22"><span class='ocrx_word' id='word_1_99' title='bbox 373 1573 533 1637; x_wconf 89' lang='lat' dir='ltr'>quae</span> <span class='ocrx_word' id='word_1_100' title='bbox 593 1553 633 1618; x_wconf 88' lang='lat' dir='ltr'>J</span> <span class='ocrx_word' id='word_1_101' title='bbox 636 1554 909 1639; x_wconf 88' lang='lat' dir='ltr'>osephus</span> <span class='ocrx_word' id='word_1_102' title='bbox 976 1553 1487 1633; x_wconf 68' lang='grc' dir='ltr'><strong><em>ἀλαζονευόμενος</em></strong></span> <span class='ocrx_word' id='word_1_103' title='bbox 1554 1558 1808 1640; x_wconf 89' lang='lat' dir='ltr'>scripsit</span> <span class='ocrx_word' id='word_1_104' title='bbox 1877 1565 2098 1622; x_wconf 85' lang='lat' dir='ltr'>contra</span> <span class='ocrx_word' id='word_1_105' title='bbox 2161 1555 2480 1640; x_wconf 86' lang='lat' dir='ltr'>Apionem</span> <span class='ocrx_word' id='word_1_106' title='bbox 2555 1557 2607 1622; x_wconf 92' lang='lat'>1.</span> <span class='ocrx_word' id='word_1_107' title='bbox 2679 1556 2762 1635; x_wconf 71' lang='lat'>93</span> 
     </span>
     <span class='ocr_line' id='line_1_13' title="bbox 372 1658 2760 1746; baseline 0.002 -22"><span class='ocrx_word' id='word_1_108' title='bbox 372 1658 605 1746; x_wconf 79' lang='lat' dir='ltr'>legerit</span> <span class='ocrx_word' id='word_1_109' title='bbox 652 1659 921 1744; x_wconf 90' lang='lat' dir='ltr'>denique</span> <span class='ocrx_word' id='word_1_110' title='bbox 960 1661 1037 1725; x_wconf 89' lang='lat' dir='ltr'>de</span> <span class='ocrx_word' id='word_1_111' title='bbox 1072 1663 1548 1726; x_wconf 78' lang='lat' dir='ltr'>munitissimae</span> <span class='ocrx_word' id='word_1_112' title='bbox 1589 1663 1767 1726; x_wconf 88' lang='lat' dir='ltr'>urbis</span> <span class='ocrx_word' id='word_1_113' title='bbox 1800 1663 2124 1727; x_wconf 86' lang='lat' dir='ltr'>obsidione</span> <span class='ocrx_word' id='word_1_114' title='bbox 2163 1662 2414 1728; x_wconf 87' lang='lat' dir='ltr'>Plinius</span> <span class='ocrx_word' id='word_1_115' title='bbox 2453 1662 2558 1728; x_wconf 82' lang='lat' dir='ltr'>vel</span> <span class='ocrx_word' id='word_1_116' title='bbox 2594 1684 2760 1728; x_wconf 91' lang='lat' dir='ltr'>unus</span> 
     </span>
     <span class='ocr_line' id='line_1_14' title="bbox 372 1765 2758 1852; baseline 0.001 -22"><span class='ocrx_word' id='word_1_117' title='bbox 372 1765 613 1832; x_wconf 85' lang='lat' dir='ltr'>alterve</span> <span class='ocrx_word' id='word_1_118' title='bbox 656 1765 987 1832; x_wconf 85' lang='lat' dir='ltr'>Romanus</span> <span class='ocrx_word' id='word_1_119' title='bbox 1033 1766 1256 1844; x_wconf 84' lang='lat' dir='ltr'>miles,</span> <span class='ocrx_word' id='word_1_120' title='bbox 1302 1771 1413 1852; x_wconf 90' lang='lat' dir='ltr'>qui</span> <span class='ocrx_word' id='word_1_121' title='bbox 1460 1767 1667 1832; x_wconf 84' lang='lat' dir='ltr'>fuerat</span> <span class='ocrx_word' id='word_1_122' title='bbox 1712 1771 1778 1833; x_wconf 90' lang='lat' dir='ltr'>in</span> <span class='ocrx_word' id='word_1_123' title='bbox 1828 1767 1962 1833; x_wconf 79' lang='lat' dir='ltr'>Titi</span> <span class='ocrx_word' id='word_1_124' title='bbox 2003 1771 2227 1833; x_wconf 87' lang='lat' dir='ltr'>castris</span> <span class='ocrx_word' id='word_1_125' title='bbox 2267 1777 2331 1834; x_wconf 88' lang='lat' dir='ltr'>et</span> <span class='ocrx_word' id='word_1_126' title='bbox 2372 1789 2540 1833; x_wconf 89' lang='lat' dir='ltr'>nunc</span> <span class='ocrx_word' id='word_1_127' title='bbox 2579 1769 2758 1835; x_wconf 90' lang='lat' dir='ltr'>domi</span> 
     </span>
     <span class='ocr_line' id='line_1_15' title="bbox 369 1872 2754 1960; baseline 0.002 -24"><span class='ocrx_word' id='word_1_128' title='bbox 369 1891 483 1957; x_wconf 89' lang='lat' dir='ltr'>per</span> <span class='ocrx_word' id='word_1_129' title='bbox 526 1873 731 1937; x_wconf 89' lang='lat' dir='ltr'>otium</span> <span class='ocrx_word' id='word_1_130' title='bbox 782 1872 1217 1938; x_wconf 78' lang='lat' dir='ltr'>delectabatur</span> <span class='ocrx_word' id='word_1_131' title='bbox 1262 1873 1689 1940; x_wconf 82' lang='lat' dir='ltr'>recordatione</span> <span class='ocrx_word' id='word_1_132' title='bbox 1738 1873 2137 1938; x_wconf 87' lang='lat' dir='ltr'>miseriarum</span> <span class='ocrx_word' id='word_1_133' title='bbox 2157 1921 2172 1950; x_wconf 89' lang='lat'>,</span> <span class='ocrx_word' id='word_1_134' title='bbox 2218 1894 2378 1958; x_wconf 85' lang='lat' dir='ltr'>quas</span> <span class='ocrx_word' id='word_1_135' title='bbox 2419 1874 2578 1940; x_wconf 90' lang='lat' dir='ltr'>olim</span> <span class='ocrx_word' id='word_1_136' title='bbox 2618 1896 2754 1960; x_wconf 86' lang='lat' dir='ltr'>per—</span> 
     </span>
     <span class='ocr_line' id='line_1_16' title="bbox 370 1977 2756 2065; baseline 0.002 -24"><span class='ocrx_word' id='word_1_137' title='bbox 370 1996 591 2060; x_wconf 89' lang='lat' dir='ltr'>pessus</span> <span class='ocrx_word' id='word_1_138' title='bbox 654 1977 893 2054; x_wconf 88' lang='lat' dir='ltr'>fuerat;</span> <span class='ocrx_word' id='word_1_139' title='bbox 961 1984 1035 2042; x_wconf 90' lang='lat' dir='ltr'>ut</span> <span class='ocrx_word' id='word_1_140' title='bbox 1090 1977 1441 2062; x_wconf 86' lang='lat' dir='ltr'>plurimum</span> <span class='ocrx_word' id='word_1_141' title='bbox 1490 1978 1766 2064; x_wconf 74' lang='lat' dir='ltr'>largiar,</span> <span class='ocrx_word' id='word_1_142' title='bbox 1814 1978 2090 2065; x_wconf 84' lang='lat' dir='ltr'>legerint</span> <span class='ocrx_word' id='word_1_143' title='bbox 2137 1979 2427 2046; x_wconf 87' lang='lat' dir='ltr'>homines</span> <span class='ocrx_word' id='word_1_144' title='bbox 2473 1981 2645 2047; x_wconf 91' lang='lat' dir='ltr'>docti</span> <span class='ocrx_word' id='word_1_145' title='bbox 2691 1989 2756 2046; x_wconf 90' lang='lat' dir='ltr'>et</span> 
     </span>
     <span class='ocr_line' id='line_1_17' title="bbox 371 2083 2756 2174; baseline 0.003 -28"><span class='ocrx_word' id='word_1_146' title='bbox 371 2085 641 2159; x_wconf 87' lang='lat' dir='ltr'>curiosi,</span> <span class='ocrx_word' id='word_1_147' title='bbox 705 2083 948 2150; x_wconf 90' lang='lat' dir='ltr'>alienae</span> <span class='ocrx_word' id='word_1_148' title='bbox 994 2086 1461 2169; x_wconf 83' lang='lat' dir='ltr'>superstitionis</span> <span class='ocrx_word' id='word_1_149' title='bbox 1508 2085 1978 2170; x_wconf 78' lang='lat' dir='ltr'>cognoscendae</span> <span class='ocrx_word' id='word_1_150' title='bbox 2023 2085 2241 2169; x_wconf 90' lang='lat' dir='ltr'>cupidi</span> <span class='ocrx_word' id='word_1_151' title='bbox 2287 2089 2528 2174; x_wconf 78' lang='lat' dir='ltr'>viginti</span> <span class='ocrx_word' id='word_1_152' title='bbox 2574 2088 2756 2152; x_wconf 85' lang='lat' dir='ltr'>Anti-</span> 
     </span>
     <span class='ocr_line' id='line_1_18' title="bbox 371 2190 2751 2274; baseline 0.002 -20"><span class='ocrx_word' id='word_1_153' title='bbox 371 2192 694 2274; x_wconf 87' lang='lat' dir='ltr'>quitatum</span> <span class='ocrx_word' id='word_1_154' title='bbox 758 2190 988 2256; x_wconf 89' lang='lat' dir='ltr'>libros:</span> <span class='ocrx_word' id='word_1_155' title='bbox 1054 2190 1247 2256; x_wconf 89' lang='lat' dir='ltr'>multi</span> <span class='ocrx_word' id='word_1_156' title='bbox 1309 2198 1477 2256; x_wconf 88' lang='lat' dir='ltr'>certe</span> <span class='ocrx_word' id='word_1_157' title='bbox 1540 2211 1663 2257; x_wconf 89' lang='lat' dir='ltr'>non</span> <span class='ocrx_word' id='word_1_158' title='bbox 1713 2192 1968 2256; x_wconf 87' lang='lat' dir='ltr'>fuerunt</span> <span class='ocrx_word' id='word_1_159' title='bbox 2018 2190 2248 2259; x_wconf 83' lang='lat' dir='ltr'>Graeci</span> <span class='ocrx_word' id='word_1_160' title='bbox 2292 2193 2394 2259; x_wconf 87' lang='lat' dir='ltr'>vel</span> <span class='ocrx_word' id='word_1_161' title='bbox 2441 2193 2751 2270; x_wconf 84' lang='lat' dir='ltr'>Romani,</span> 
     </span>
     <span class='ocr_line' id='line_1_19' title="bbox 371 2294 2748 2382; baseline 0.001 -21"><span class='ocrx_word' id='word_1_162' title='bbox 371 2299 481 2380; x_wconf 89' lang='lat' dir='ltr'>qui</span> <span class='ocrx_word' id='word_1_163' title='bbox 526 2294 875 2380; x_wconf 86' lang='lat' dir='ltr'>Josephum</span> <span class='ocrx_word' id='word_1_164' title='bbox 926 2299 1260 2362; x_wconf 84' lang='lat' dir='ltr'>triverunt.</span> <span class='ocrx_word' id='word_1_165' title='bbox 1333 2295 1551 2362; x_wconf 87' lang='lat' dir='ltr'>Veluti</span> <span class='ocrx_word' id='word_1_166' title='bbox 1598 2297 1882 2382; x_wconf 88' lang='lat' dir='ltr'>aequalis</span> <span class='ocrx_word' id='word_1_167' title='bbox 1925 2303 2062 2362; x_wconf 88' lang='lat' dir='ltr'>erat</span> <span class='ocrx_word' id='word_1_168' title='bbox 2101 2296 2396 2364; x_wconf 76' lang='lat' dir='ltr'>Tacitus:</span> <span class='ocrx_word' id='word_1_169' title='bbox 2438 2308 2748 2382; x_wconf 89' lang='lat' dir='ltr'>quantum</span> 
     </span>
     <span class='ocr_line' id='line_1_20' title="bbox 370 2400 2754 2488; baseline 0 -20"><span class='ocrx_word' id='word_1_170' title='bbox 370 2401 557 2468; x_wconf 76' lang='lat' dir='ltr'>video</span> <span class='ocrx_word' id='word_1_171' title='bbox 620 2403 699 2467; x_wconf 90' lang='lat' dir='ltr'>ad</span> <span class='ocrx_word' id='word_1_172' title='bbox 759 2400 1077 2468; x_wconf 86' lang='lat' dir='ltr'>Historias</span> <span class='ocrx_word' id='word_1_173' title='bbox 1147 2403 1607 2487; x_wconf 88' lang='lat' dir='ltr'>componendas</span> <span class='ocrx_word' id='word_1_174' title='bbox 1674 2423 1799 2468; x_wconf 90' lang='lat' dir='ltr'>non</span> <span class='ocrx_word' id='word_1_175' title='bbox 1869 2405 2202 2488; x_wconf 84' lang='lat' dir='ltr'>usurpavit</span> <span class='ocrx_word' id='word_1_176' title='bbox 2271 2425 2484 2470; x_wconf 89' lang='lat' dir='ltr'>recens</span> <span class='ocrx_word' id='word_1_177' title='bbox 2549 2404 2754 2470; x_wconf 87' lang='lat' dir='ltr'>editos</span> 
     </span>
     <span class='ocr_line' id='line_1_21' title="bbox 369 2497 2750 2596; baseline 0.002 -24"><span class='ocrx_word' id='word_1_178' title='bbox 369 2515 611 2593; x_wconf 86' lang='lat' dir='ltr'>septem</span> <span class='ocrx_word' id='word_1_179' title='bbox 658 2497 855 2574; x_wconf 82' lang='lat' dir='ltr'>libros</span> <span class='ocrx_word' id='word_1_180' title='bbox 900 2509 979 2574; x_wconf 93' lang='lat' dir='ltr'>de</span> <span class='ocrx_word' id='word_1_181' title='bbox 1028 2508 1195 2575; x_wconf 89' lang='lat' dir='ltr'>bello</span> <span class='ocrx_word' id='word_1_182' title='bbox 1238 2506 1275 2574; x_wconf 88' lang='lat' dir='ltr'>J</span> <span class='ocrx_word' id='word_1_183' title='bbox 1282 2509 1527 2574; x_wconf 85' lang='lat' dir='ltr'>udaico.</span> <span class='ocrx_word' id='word_1_184' title='bbox 1616 2506 1740 2590; x_wconf 83' lang='lat' dir='ltr'>Qui</span> <span class='ocrx_word' id='word_1_185' title='bbox 1779 2511 1985 2596; x_wconf 81' lang='lat' dir='ltr'>igitur</span> <span class='ocrx_word' id='word_1_186' title='bbox 2021 2509 2286 2575; x_wconf 88' lang='lat' dir='ltr'>lectores</span> <span class='ocrx_word' id='word_1_187' title='bbox 2323 2513 2526 2595; x_wconf 82' lang='lat' dir='ltr'>spissa</span> <span class='ocrx_word' id='word_1_188' title='bbox 2564 2511 2750 2577; x_wconf 85' lang='lat' dir='ltr'>volu-</span> 
     </span>
     <span class='ocr_line' id='line_1_22' title="bbox 368 2612 2748 2701; baseline 0.002 -23"><span class='ocrx_word' id='word_1_189' title='bbox 368 2616 545 2680; x_wconf 90' lang='lat' dir='ltr'>mina</span> <span class='ocrx_word' id='word_1_190' title='bbox 604 2612 1024 2699; x_wconf 76' lang='lat' dir='ltr'>expetebant?</span> <span class='ocrx_word' id='word_1_191' title='bbox 1092 2614 1259 2681; x_wconf 88' lang='lat' dir='ltr'>Nam</span> <span class='ocrx_word' id='word_1_192' title='bbox 1325 2616 1451 2679; x_wconf 90' lang='lat' dir='ltr'>nisi</span> <span class='ocrx_word' id='word_1_193' title='bbox 1496 2618 1778 2699; x_wconf 86' lang='lat' dir='ltr'>expetita</span> <span class='ocrx_word' id='word_1_194' title='bbox 1823 2616 2128 2693; x_wconf 85' lang='lat' dir='ltr'>fuissent,</span> <span class='ocrx_word' id='word_1_195' title='bbox 2177 2637 2256 2681; x_wconf 90' lang='lat' dir='ltr'>ne</span> <span class='ocrx_word' id='word_1_196' title='bbox 2295 2616 2564 2682; x_wconf 86' lang='lat' dir='ltr'>fuissent</span> <span class='ocrx_word' id='word_1_197' title='bbox 2603 2621 2748 2701; x_wconf 89' lang='lat' dir='ltr'>qui—</span> 
     </span>
     <span class='ocr_line' id='line_1_23' title="bbox 368 2718 2752 2808; baseline 0.002 -23"><span class='ocrx_word' id='word_1_198' title='bbox 368 2720 513 2785; x_wconf 91' lang='lat' dir='ltr'>dem</span> <span class='ocrx_word' id='word_1_199' title='bbox 562 2728 932 2808; x_wconf 81' lang='lat' dir='ltr'>propagata.</span> <span class='ocrx_word' id='word_1_200' title='bbox 1000 2718 1273 2787; x_wconf 86' lang='lat' dir='ltr'>Judaeos</span> <span class='ocrx_word' id='word_1_201' title='bbox 1313 2718 1553 2787; x_wconf 81' lang='lat' dir='ltr'>credis?</span> <span class='ocrx_word' id='word_1_202' title='bbox 1600 2720 1744 2786; x_wconf 87' lang='lat' dir='ltr'>Non</span> <span class='ocrx_word' id='word_1_203' title='bbox 1781 2728 2071 2805; x_wconf 89' lang='lat' dir='ltr'>poterant</span> <span class='ocrx_word' id='word_1_204' title='bbox 2108 2742 2230 2787; x_wconf 91' lang='lat' dir='ltr'>non</span> <span class='ocrx_word' id='word_1_205' title='bbox 2268 2723 2474 2787; x_wconf 87' lang='lat' dir='ltr'>odisse</span> <span class='ocrx_word' id='word_1_206' title='bbox 2513 2728 2752 2807; x_wconf 88' lang='lat' dir='ltr'>patriae</span> 
     </span>
     <span class='ocr_line' id='line_1_24' title="bbox 368 2826 2754 2913; baseline 0.001 -22"><span class='ocrx_word' id='word_1_207' title='bbox 368 2826 753 2911; x_wconf 85' lang='lat' dir='ltr'>proditorem</span> <span class='ocrx_word' id='word_1_208' title='bbox 774 2873 791 2905; x_wconf 92' lang='lat'>,</span> <span class='ocrx_word' id='word_1_209' title='bbox 852 2829 961 2911; x_wconf 89' lang='lat' dir='ltr'>qui</span> <span class='ocrx_word' id='word_1_210' title='bbox 1024 2829 1287 2893; x_wconf 86' lang='lat' dir='ltr'>miseros</span> <span class='ocrx_word' id='word_1_211' title='bbox 1332 2828 1503 2891; x_wconf 80' lang='lat' dir='ltr'>cives</span> <span class='ocrx_word' id='word_1_212' title='bbox 1550 2826 1850 2913; x_wconf 81' lang='lat' dir='ltr'>adegerat</span> <span class='ocrx_word' id='word_1_213' title='bbox 1895 2826 1974 2891; x_wconf 87' lang='lat' dir='ltr'>ad</span> <span class='ocrx_word' id='word_1_214' title='bbox 2022 2826 2439 2893; x_wconf 88' lang='lat' dir='ltr'>defectionem</span> <span class='ocrx_word' id='word_1_215' title='bbox 2461 2875 2476 2904; x_wconf 89' lang='lat'>,</span> <span class='ocrx_word' id='word_1_216' title='bbox 2528 2836 2602 2895; x_wconf 89' lang='lat' dir='ltr'>ut</span> <span class='ocrx_word' id='word_1_217' title='bbox 2647 2850 2754 2896; x_wconf 90' lang='lat' dir='ltr'>eos</span> 
     </span>
     <span class='ocr_line' id='line_1_25' title="bbox 365 2929 2752 3017; baseline 0.003 -22"><span class='ocrx_word' id='word_1_218' title='bbox 365 2929 433 2995; x_wconf 90' lang='lat' dir='ltr'>in</span> <span class='ocrx_word' id='word_1_219' title='bbox 480 2939 767 2997; x_wconf 89' lang='lat' dir='ltr'>extremo</span> <span class='ocrx_word' id='word_1_220' title='bbox 814 2932 1181 2998; x_wconf 87' lang='lat' dir='ltr'>discrimine</span> <span class='ocrx_word' id='word_1_221' title='bbox 1226 2933 1575 3015; x_wconf 89' lang='lat' dir='ltr'>desereret,</span> <span class='ocrx_word' id='word_1_222' title='bbox 1624 2934 1736 3017; x_wconf 90' lang='lat' dir='ltr'>qui</span> <span class='ocrx_word' id='word_1_223' title='bbox 1783 2931 2090 2999; x_wconf 86' lang='lat' dir='ltr'>Romanis</span> <span class='ocrx_word' id='word_1_224' title='bbox 2135 2935 2484 3001; x_wconf 84' lang='lat' dir='ltr'>victoribus</span> <span class='ocrx_word' id='word_1_225' title='bbox 2535 2935 2752 3001; x_wconf 88' lang='lat' dir='ltr'>adula-</span> 
     </span>
     <span class='ocr_line' id='line_1_26' title="bbox 365 3036 2751 3127; baseline 0.003 -26"><span class='ocrx_word' id='word_1_226' title='bbox 365 3036 589 3122; x_wconf 88' lang='lat' dir='ltr'>batur,</span> <span class='ocrx_word' id='word_1_227' title='bbox 648 3040 794 3123; x_wconf 86' lang='lat' dir='ltr'>qui‚</span> <span class='ocrx_word' id='word_1_228' title='bbox 858 3039 1023 3122; x_wconf 90' lang='lat' dir='ltr'>quod</span> <span class='ocrx_word' id='word_1_229' title='bbox 1084 3038 1290 3105; x_wconf 85' lang='lat' dir='ltr'>dicere</span> <span class='ocrx_word' id='word_1_230' title='bbox 1338 3044 1521 3122; x_wconf 85' lang='lat' dir='ltr'>turpe</span> <span class='ocrx_word' id='word_1_231' title='bbox 1568 3046 1737 3114; x_wconf 88' lang='lat' dir='ltr'>erat,</span> <span class='ocrx_word' id='word_1_232' title='bbox 1787 3038 2144 3105; x_wconf 85' lang='lat' dir='ltr'>affirmabat</span> <span class='ocrx_word' id='word_1_233' title='bbox 2192 3048 2438 3107; x_wconf 86' lang='lat' dir='ltr'>veteres</span> <span class='ocrx_word' id='word_1_234' title='bbox 2481 3042 2751 3127; x_wconf 85' lang='lat' dir='ltr'>prophe-</span> 
     </span>
     <span class='ocr_line' id='line_1_27' title="bbox 365 3143 2752 3231; baseline 0.003 -23"><span class='ocrx_word' id='word_1_235' title='bbox 365 3146 465 3208; x_wconf 86' lang='lat' dir='ltr'>tas</span> <span class='ocrx_word' id='word_1_236' title='bbox 524 3143 841 3228; x_wconf 86' lang='lat' dir='ltr'>decepisse</span> <span class='ocrx_word' id='word_1_237' title='bbox 902 3143 1215 3231; x_wconf 83' lang='lat' dir='ltr'>populum</span> <span class='ocrx_word' id='word_1_238' title='bbox 1232 3194 1251 3227; x_wconf 97' lang='lat'>,</span> <span class='ocrx_word' id='word_1_239' title='bbox 1298 3163 1495 3229; x_wconf 87' lang='lat' dir='ltr'>quum</span> <span class='ocrx_word' id='word_1_240' title='bbox 1548 3143 1992 3229; x_wconf 81' lang='lat' dir='ltr'>portenderent</span> <span class='ocrx_word' id='word_1_241' title='bbox 2038 3144 2343 3211; x_wconf 83' lang='lat' dir='ltr'>Messiam</span> <span class='ocrx_word' id='word_1_242' title='bbox 2365 3194 2384 3229; x_wconf 95' lang='lat'>,</span> <span class='ocrx_word' id='word_1_243' title='bbox 2433 3151 2538 3212; x_wconf 90' lang='lat' dir='ltr'>cui</span> <span class='ocrx_word' id='word_1_244' title='bbox 2583 3170 2752 3215; x_wconf 87' lang='lat' dir='ltr'>nunc</span> 
     </span>
     <span class='ocr_line' id='line_1_28' title="bbox 364 3250 2750 3337; baseline 0.003 -24"><span class='ocrx_word' id='word_1_245' title='bbox 364 3268 585 3315; x_wconf 88' lang='lat' dir='ltr'>omnes</span> <span class='ocrx_word' id='word_1_246' title='bbox 656 3251 963 3337; x_wconf 88' lang='lat' dir='ltr'>parebant</span> <span class='ocrx_word' id='word_1_247' title='bbox 1027 3270 1416 3335; x_wconf 85' lang='lat' dir='ltr'>quamquam</span> <span class='ocrx_word' id='word_1_248' title='bbox 1488 3250 1920 3331; x_wconf 68' lang='grc' dir='ltr'>ὥπεριτμήτῳ,</span> <span class='ocrx_word' id='word_1_249' title='bbox 1993 3253 2105 3335; x_wconf 89' lang='lat' dir='ltr'>qui</span> <span class='ocrx_word' id='word_1_250' title='bbox 2173 3253 2592 3319; x_wconf 87' lang='lat' dir='ltr'>accumbebat</span> <span class='ocrx_word' id='word_1_251' title='bbox 2669 3256 2750 3321; x_wconf 83' lang='lat' dir='ltr'>ad</span> 
     </span>
     <span class='ocr_line' id='line_1_29' title="bbox 364 3352 2750 3444; baseline 0.003 -23"><span class='ocrx_word' id='word_1_252' title='bbox 364 3376 617 3421; x_wconf 89' lang='lat' dir='ltr'>mensas</span> <span class='ocrx_word' id='word_1_253' title='bbox 674 3356 1019 3444; x_wconf 80' lang='lat' dir='ltr'>gentilium</span> <span class='ocrx_word' id='word_1_254' title='bbox 1071 3361 1138 3420; x_wconf 91' lang='lat' dir='ltr'>et</span> <span class='ocrx_word' id='word_1_255' title='bbox 1184 3355 1531 3421; x_wconf 89' lang='lat' dir='ltr'>truncando</span> <span class='ocrx_word' id='word_1_256' title='bbox 1576 3355 1838 3421; x_wconf 87' lang='lat' dir='ltr'>Sacrum</span> <span class='ocrx_word' id='word_1_257' title='bbox 1892 3352 2194 3422; x_wconf 84' lang='lat' dir='ltr'>Codicem</span> <span class='ocrx_word' id='word_1_258' title='bbox 2241 3357 2474 3425; x_wconf 85' lang='lat' dir='ltr'>fecerat</span> <span class='ocrx_word' id='word_1_259' title='bbox 2521 3361 2750 3444; x_wconf 85' lang='lat' dir='ltr'>proba—</span> 
     </span>
     <span class='ocr_line' id='line_1_30' title="bbox 363 3460 2749 3547; baseline 0.002 -21"><span class='ocrx_word' id='word_1_260' title='bbox 363 3460 561 3528; x_wconf 89' lang='lat' dir='ltr'>bilem</span> <span class='ocrx_word' id='word_1_261' title='bbox 612 3462 877 3528; x_wconf 80' lang='lat' dir='ltr'>fortasse</span> <span class='ocrx_word' id='word_1_262' title='bbox 922 3460 1095 3538; x_wconf 86' lang='lat' dir='ltr'>aliis,</span> <span class='ocrx_word' id='word_1_263' title='bbox 1144 3463 1252 3527; x_wconf 90' lang='lat' dir='ltr'>sed</span> <span class='ocrx_word' id='word_1_264' title='bbox 1300 3462 1425 3527; x_wconf 90' lang='lat' dir='ltr'>sibi</span> <span class='ocrx_word' id='word_1_265' title='bbox 1470 3462 1804 3544; x_wconf 89' lang='lat' dir='ltr'>inutilem,</span> <span class='ocrx_word' id='word_1_266' title='bbox 1852 3482 2054 3546; x_wconf 90' lang='lat' dir='ltr'>quum</span> <span class='ocrx_word' id='word_1_267' title='bbox 2101 3482 2216 3547; x_wconf 84' lang='lat' dir='ltr'>pro</span> <span class='ocrx_word' id='word_1_268' title='bbox 2266 3464 2548 3530; x_wconf 88' lang='lat' dir='ltr'>mascula</span> <span class='ocrx_word' id='word_1_269' title='bbox 2587 3468 2749 3531; x_wconf 88' lang='lat' dir='ltr'>sim-</span> 
     </span>
     <span class='ocr_line' id='line_1_31' title="bbox 364 3567 2757 3655; baseline 0.003 -22"><span class='ocrx_word' id='word_1_270' title='bbox 364 3568 651 3652; x_wconf 86' lang='lat' dir='ltr'>plicitate</span> <span class='ocrx_word' id='word_1_271' title='bbox 696 3568 1151 3633; x_wconf 86' lang='lat' dir='ltr'>introduxisset</span> <span class='ocrx_word' id='word_1_272' title='bbox 1198 3570 1501 3633; x_wconf 90' lang='lat' dir='ltr'>orationis</span> <span class='ocrx_word' id='word_1_273' title='bbox 1547 3567 1768 3632; x_wconf 84' lang='lat' dir='ltr'>fucum</span> <span class='ocrx_word' id='word_1_274' title='bbox 1805 3574 1872 3631; x_wconf 89' lang='lat' dir='ltr'>et</span> <span class='ocrx_word' id='word_1_275' title='bbox 1905 3587 2019 3653; x_wconf 90' lang='lat' dir='ltr'>pro</span> <span class='ocrx_word' id='word_1_276' title='bbox 2053 3568 2289 3635; x_wconf 81' lang='lat' dir='ltr'>Massia</span> <span class='ocrx_word' id='word_1_277' title='bbox 2309 3616 2325 3646; x_wconf 90' lang='lat'>,</span> <span class='ocrx_word' id='word_1_278' title='bbox 2367 3590 2558 3655; x_wconf 89' lang='lat' dir='ltr'>quem</span> <span class='ocrx_word' id='word_1_279' title='bbox 2598 3570 2757 3639; x_wconf 70' lang='lat' dir='ltr'>Pro-⁸</span> 
     </span>
     <span class='ocr_line' id='line_1_32' title="bbox 362 3672 2750 3762; baseline 0.001 -22"><span class='ocrx_word' id='word_1_280' title='bbox 362 3674 591 3759; x_wconf 88' lang='lat' dir='ltr'>phetae</span> <span class='ocrx_word' id='word_1_281' title='bbox 650 3674 903 3740; x_wconf 86' lang='lat' dir='ltr'>fuerant</span> <span class='ocrx_word' id='word_1_282' title='bbox 964 3673 1276 3759; x_wconf 90' lang='lat' dir='ltr'>polliciti,</span> <span class='ocrx_word' id='word_1_283' title='bbox 1336 3675 1707 3739; x_wconf 88' lang='lat' dir='ltr'>inseruisset</span> <span class='ocrx_word' id='word_1_284' title='bbox 1749 3672 2114 3739; x_wconf 85' lang='lat' dir='ltr'>Romanum</span> <span class='ocrx_word' id='word_1_285' title='bbox 2164 3678 2473 3741; x_wconf 84' lang='lat' dir='ltr'>victorem</span> <span class='ocrx_word' id='word_1_286' title='bbox 2523 3684 2590 3742; x_wconf 88' lang='lat' dir='ltr'>et</span> <span class='ocrx_word' id='word_1_287' title='bbox 2637 3698 2750 3762; x_wconf 88' lang='lat' dir='ltr'>pro</span> 
     </span>
     <span class='ocr_line' id='line_1_33' title="bbox 360 3778 2744 3867; baseline 0 -21"><span class='ocrx_word' id='word_1_288' title='bbox 360 3788 613 3847; x_wconf 88' lang='lat' dir='ltr'>aeterno</span> <span class='ocrx_word' id='word_1_289' title='bbox 660 3780 828 3867; x_wconf 90' lang='lat' dir='ltr'>quod</span> <span class='ocrx_word' id='word_1_290' title='bbox 868 3782 1259 3846; x_wconf 81' lang='lat' dir='ltr'>somniarent</span> <span class='ocrx_word' id='word_1_291' title='bbox 1298 3781 1567 3863; x_wconf 88' lang='lat' dir='ltr'>imperio</span> <span class='ocrx_word' id='word_1_292' title='bbox 1605 3786 1928 3844; x_wconf 80' lang='lat' dir='ltr'>aeternam</span> <span class='ocrx_word' id='word_1_293' title='bbox 1970 3778 2416 3845; x_wconf 88' lang='lat' dir='ltr'>obedientiam.</span> <span class='ocrx_word' id='word_1_294' title='bbox 2473 3779 2744 3867; x_wconf 81' lang='lat' dir='ltr'>Legitne</span> 
     </span>
     <span class='ocr_line' id='line_1_34' title="bbox 360 3881 2747 3971; baseline -0.001 -18"><span class='ocrx_word' id='word_1_295' title='bbox 360 3884 507 3953; x_wconf 87' lang='lat' dir='ltr'>illos</span> <span class='ocrx_word' id='word_1_296' title='bbox 552 3886 749 3951; x_wconf 91' lang='lat' dir='ltr'>libros</span> <span class='ocrx_word' id='word_1_297' title='bbox 794 3888 883 3949; x_wconf 91' lang='lat' dir='ltr'>im</span> <span class='ocrx_word' id='word_1_298' title='bbox 893 3888 1095 3970; x_wconf 89' lang='lat' dir='ltr'>perita</span> <span class='ocrx_word' id='word_1_299' title='bbox 1141 3892 1207 3950; x_wconf 90' lang='lat' dir='ltr'>et</span> <span class='ocrx_word' id='word_1_300' title='bbox 1252 3884 1551 3951; x_wconf 88' lang='lat' dir='ltr'>seditiosa</span> <span class='ocrx_word' id='word_1_301' title='bbox 1594 3884 1776 3970; x_wconf 91' lang='lat' dir='ltr'>plebs</span> <span class='ocrx_word' id='word_1_302' title='bbox 1813 3881 2280 3949; x_wconf 78' lang='lat' dir='ltr'>Alexandrina?</span> <span class='ocrx_word' id='word_1_303' title='bbox 2342 3884 2747 3971; x_wconf 80' lang='lat' dir='ltr'>Legemntne</span> 
     </span>
     <span class='ocr_line' id='line_1_35' title="bbox 358 3988 2742 4078; baseline 0 -22"><span class='ocrx_word' id='word_1_304' title='bbox 358 3992 623 4057; x_wconf 86' lang='lat' dir='ltr'>fortasse</span> <span class='ocrx_word' id='word_1_305' title='bbox 690 3992 861 4057; x_wconf 88' lang='lat' dir='ltr'>docti</span> <span class='ocrx_word' id='word_1_306' title='bbox 930 3993 1000 4056; x_wconf 93' lang='lat' dir='ltr'>in</span> <span class='ocrx_word' id='word_1_307' title='bbox 1066 3988 1337 4057; x_wconf 77' lang='lat' dir='ltr'>Museo?</span> <span class='ocrx_word' id='word_1_308' title='bbox 1454 3990 1860 4078; x_wconf 79' lang='lat' dir='ltr'>Legeruntne</span> <span class='ocrx_word' id='word_1_309' title='bbox 1928 3988 2256 4055; x_wconf 88' lang='lat' dir='ltr'>Pharisaei</span> <span class='ocrx_word' id='word_1_310' title='bbox 2326 3988 2742 4057; x_wconf 86' lang='lat' dir='ltr'>Pharisaeum</span> 
     </span>
     <span class='ocr_line' id='line_1_36' title="bbox 360 4093 2745 4185; baseline -0.001 -22"><span class='ocrx_word' id='word_1_311' title='bbox 360 4101 727 4183; x_wconf 83' lang='lat' dir='ltr'>scriptorem</span> <span class='ocrx_word' id='word_1_312' title='bbox 748 4145 766 4182; x_wconf 90' lang='lat'>,</span> <span class='ocrx_word' id='word_1_313' title='bbox 828 4100 938 4182; x_wconf 89' lang='lat' dir='ltr'>qui</span> <span class='ocrx_word' id='word_1_314' title='bbox 997 4117 1149 4162; x_wconf 88' lang='lat' dir='ltr'>suae</span> <span class='ocrx_word' id='word_1_315' title='bbox 1207 4097 1409 4182; x_wconf 89' lang='lat' dir='ltr'>ipsius</span> <span class='ocrx_word' id='word_1_316' title='bbox 1474 4104 1681 4163; x_wconf 87' lang='lat' dir='ltr'>sectae</span> <span class='ocrx_word' id='word_1_317' title='bbox 1742 4104 2046 4181; x_wconf 89' lang='lat' dir='ltr'>perpetuo</span> <span class='ocrx_word' id='word_1_318' title='bbox 2107 4093 2477 4161; x_wconf 77' lang='lat' dir='ltr'>maledicit?</span> <span class='ocrx_word' id='word_1_319' title='bbox 2546 4096 2745 4185; x_wconf 80' lang='lat' dir='ltr'>Lege-</span> 
     </span>
     <span class='ocr_line' id='line_1_37' title="bbox 360 4200 2744 4288; baseline -0 -19"><span class='ocrx_word' id='word_1_320' title='bbox 360 4210 591 4270; x_wconf 85' lang='lat' dir='ltr'>runtne</span> <span class='ocrx_word' id='word_1_321' title='bbox 646 4205 759 4288; x_wconf 88' lang='lat' dir='ltr'>qui</span> <span class='ocrx_word' id='word_1_322' title='bbox 804 4224 880 4269; x_wconf 89' lang='lat' dir='ltr'>ex</span> <span class='ocrx_word' id='word_1_323' title='bbox 928 4202 1165 4268; x_wconf 85' lang='lat' dir='ltr'>Zelotis</span> <span class='ocrx_word' id='word_1_324' title='bbox 1212 4208 1390 4267; x_wconf 89' lang='lat' dir='ltr'>erant</span> <span class='ocrx_word' id='word_1_325' title='bbox 1435 4201 1701 4287; x_wconf 87' lang='lat' dir='ltr'>reliqui,</span> <span class='ocrx_word' id='word_1_326' title='bbox 1751 4222 2020 4286; x_wconf 89' lang='lat' dir='ltr'>quorum</span> <span class='ocrx_word' id='word_1_327' title='bbox 2071 4200 2349 4267; x_wconf 86' lang='lat' dir='ltr'>facinora</span> <span class='ocrx_word' id='word_1_328' title='bbox 2393 4207 2528 4267; x_wconf 90' lang='lat' dir='ltr'>tam</span> <span class='ocrx_word' id='word_1_329' title='bbox 2577 4205 2744 4268; x_wconf 80' lang='lat' dir='ltr'>vivi-</span> 
     </span>
     <span class='ocr_line' id='line_1_38' title="bbox 360 4304 2745 4395; baseline -0 -20"><span class='ocrx_word' id='word_1_330' title='bbox 360 4310 459 4375; x_wconf 90' lang='lat' dir='ltr'>dis</span> <span class='ocrx_word' id='word_1_331' title='bbox 506 4308 822 4375; x_wconf 83' lang='lat' dir='ltr'>coloribus</span> <span class='ocrx_word' id='word_1_332' title='bbox 868 4304 1340 4395; x_wconf 76' lang='lat' dir='ltr'>depinguntur?</span> <span class='ocrx_word' id='word_1_333' title='bbox 1406 4307 1810 4395; x_wconf 80' lang='lat' dir='ltr'>Legeruntne</span> <span class='ocrx_word' id='word_1_334' title='bbox 1848 4304 2200 4371; x_wconf 86' lang='lat' dir='ltr'>Sadducaei</span> <span class='ocrx_word' id='word_1_335' title='bbox 2239 4326 2396 4391; x_wconf 91' lang='lat' dir='ltr'>quos</span> <span class='ocrx_word' id='word_1_336' title='bbox 2429 4304 2468 4371; x_wconf 86' lang='lat' dir='ltr'>J</span> <span class='ocrx_word' id='word_1_337' title='bbox 2473 4306 2745 4393; x_wconf 87' lang='lat' dir='ltr'>osepbns</span> 
     </span>
    </p>
   </div>
   <div class='ocr_carea' id='block_1_5' title="bbox 360 4412 2743 4582">
    <p class='ocr_par' dir='ltr' id='par_1_6' title="bbox 360 4412 2743 4582">
     <span class='ocr_line' id='line_1_39' title="bbox 360 4412 2743 4502; baseline 0 -21"><span class='ocrx_word' id='word_1_338' title='bbox 360 4412 615 4481; x_wconf 80' lang='lat' dir='ltr'>oderat?</span> <span class='ocrx_word' id='word_1_339' title='bbox 682 4414 1087 4502; x_wconf 82' lang='lat' dir='ltr'>Legeruntne</span> <span class='ocrx_word' id='word_1_340' title='bbox 1149 4412 1405 4492; x_wconf 84' lang='lat' dir='ltr'>Esseni,</span> <span class='ocrx_word' id='word_1_341' title='bbox 1453 4416 1591 4498; x_wconf 88' lang='lat' dir='ltr'>qui,</span> <span class='ocrx_word' id='word_1_342' title='bbox 1646 4415 1703 4477; x_wconf 88' lang='lat' dir='ltr'>si</span> <span class='ocrx_word' id='word_1_343' title='bbox 1747 4433 1980 4498; x_wconf 89' lang='lat' dir='ltr'>paucos</span> <span class='ocrx_word' id='word_1_344' title='bbox 2023 4414 2380 4497; x_wconf 86' lang='lat' dir='ltr'>exceperis,</span> <span class='ocrx_word' id='word_1_345' title='bbox 2430 4412 2743 4481; x_wconf 86' lang='lat' dir='ltr'>humanas</span> 
     </span>
     <span class='ocr_line' id='line_1_40' title="bbox 2377 4532 2442 4582; baseline 0.015 -1"><span class='ocrx_word' id='word_1_346' title='bbox 2377 4532 2442 4582; x_wconf 81' lang='lat'>18</span> 
     </span>
    </p>
   </div>
  </div>
 </body>
</html>
